<?xml version="1.0" encoding="UTF-8"?>
<add>
  <doc>
    <field name="id">345682</field>
    <field name="author_display">White, Michael M.</field>
    <field name="author_sort">White, Michael M.</field>
    <field name="author_s">White, Michael M.</field>
    <field name="marc_relator_display">Author</field>
    <field name="marc_display">
      <record xmlns="http://www.loc.gov/MARC21/slim">
        <leader>00731cam a2200229 a 4500</leader>
        <controlfield tag="001">345682</controlfield>
        <controlfield tag="005">20120521194311.0</controlfield>
        <controlfield tag="008">861209s1985    enk           00010 eng d</controlfield>
        <datafield ind1=" " ind2=" " tag="020">
          <subfield code="a">0947752196</subfield>
        </datafield>
        <datafield ind1=" " ind2=" " tag="035">
          <subfield code="a">(OCoLC)13154067</subfield>
        </datafield>
        <datafield ind1=" " ind2=" " tag="035">
          <subfield code="a">(CStRLIN)NJPG86-B55361</subfield>
        </datafield>
        <datafield ind1=" " ind2=" " tag="035">
          <subfield code="9">ABS1044TS</subfield>
        </datafield>
        <datafield ind1=" " ind2=" " tag="040">
          <subfield code="a">NBiSU</subfield>
          <subfield code="c">NBiSU</subfield>
          <subfield code="d">NjP</subfield>
        </datafield>
        <datafield ind1="1" ind2=" " tag="100">
          <subfield code="a">White, Michael M.</subfield>
        </datafield>
        <datafield ind1="1" ind2="0" tag="245">
          <subfield code="a">Opportunity in crisis :</subfield>
          <subfield code="b">money and power in world politics 1986-88 /</subfield>
          <subfield code="c">Michael M. White.</subfield>
        </datafield>
        <datafield ind1=" " ind2=" " tag="260">
          <subfield code="a">London :</subfield>
          <subfield code="b">Firethorn Press,</subfield>
          <subfield code="c">1985.</subfield>
        </datafield>
        <datafield ind1=" " ind2=" " tag="300">
          <subfield code="a">341 p. ;</subfield>
          <subfield code="c">24 cm.</subfield>
        </datafield>
        <datafield ind1=" " ind2="0" tag="650">
          <subfield code="a">International relations.</subfield>
        </datafield>
        <datafield ind1=" " ind2="0" tag="650">
          <subfield code="a">World politics</subfield>
          <subfield code="y">1985-1995.</subfield>
        </datafield>
        <datafield ind1="1" ind2=" " tag="700">
          <subfield code="a">Smith, Bob F.</subfield>
        </datafield>
        <datafield ind1="1" ind2="2" tag="700">
          <subfield code="a">Jones, Mary.</subfield>
          <subfield code="t">Book by Mary.</subfield>
        </datafield>
        <datafield ind1=" " ind2=" " tag="998">
          <subfield code="a">12/09/86</subfield>
          <subfield code="s">9114</subfield>
          <subfield code="n">NjP</subfield>
          <subfield code="w">NYBG86B26358</subfield>
          <subfield code="d">12/09/86</subfield>
          <subfield code="c">DF</subfield>
          <subfield code="b">LDP</subfield>
          <subfield code="i">861209</subfield>
          <subfield code="l">NJPG</subfield>
        </datafield>
        <datafield ind1=" " ind2=" " tag="911">
          <subfield code="a">19921028</subfield>
        </datafield>
        <datafield ind1=" " ind2=" " tag="912">
          <subfield code="a">19900827000000.0</subfield>
        </datafield>
      </record>