
    </field>
    <field name="title_display">Opportunity in crisis : money and power in world politics 1986-88 / Michael M. White.</field>
    <field name="title_sort">Opportunity in crisis : money and power in world politics 1986-88</field>
    <field name="title_t">Opportunity in crisis : money and power in world politics 1986-88 / Michael M. White.</field>
    <field name="compiled_created_t">Opportunity in crisis : money and power in world politics 1986-88 / Michael M. White.</field>
    <field name="pub_created_display">London : Firethorn Press, 1985.</field>
    <field name="pub_created_s">London : Firethorn Press, 1985.</field>
    <field name="pub_date_display">1985</field>
    <field name="pub_date_start_sort">1985</field>
    <field name="format">Book</field>
    <field name="description_display">341 p. ; 24 cm.</field>
    <field name="description_t">341 p. ; 24 cm.</field>
    <field name="language_facet">English</field>
    <field name="language_code_s">eng</field>
    <field name="subject_display">International relations</field>
    <field name="subject_display">World politics—1985-1995</field>
    <field name="subject_topic_facet">International relations</field>
    <field name="subject_topic_facet">World politics—1985-1995</field>
    <field name="related_name_display">Smith, Bob F.</field>
    <field name="related_name_display">Jones, Mary</field>
    <field name="contains_display">Book by Mary</field>
    <field name="marc_relatedor_display">aut</field>
    <field name="isbn_display">0947752196</field>
    <field name="subject_era_facet">1985-1995</field>
  </doc>
  <doc>
    <field name="id">27629</field>
    <field name="author_display">Singh, Digvijai, 1934-</field>
    <field name="author_sort">Singh, Digvijai, 1934-</field>
    <field name="author_s">Singh, Digvijai, 1934-</field>
    <field name="marc_relator_display">Author</field>
    <field name="marc_display">
      <record xmlns="http://www.loc.gov/MARC21/slim">
        <leader>00964cam a2200265 i 4500</leader>
        <controlfield tag="001">27629</controlfield>
        <controlfield tag="005">20120709071455.0</controlfield>
        <controlfield tag="008">801010s1964    miua    ab    00010 eng a</controlfield>
        <datafield ind1=" " ind2=" " tag="035">
          <subfield code="a">(OCoLC)83431252</subfield>
        </datafield>
        <datafield ind1=" " ind2=" " tag="035">
          <subfield code="a">(CStRLIN)NJPG19035810-B</subfield>
        </datafield>
        <datafield ind1=" " ind2=" " tag="035">
          <subfield code="9">AAJ1990TS</subfield>
        </datafield>
        <datafield ind1=" " ind2=" " tag="040">
          <subfield code="a">NjP</subfield>
          <subfield code="c">NjP</subfield>
        </datafield>
        <datafield ind1="1" ind2=" " tag="100">
          <subfield code="a">Singh, Digvijai,</subfield>
          <subfield code="d">1934-</subfield>
        </datafield>
        <datafield ind1="1" ind2="4" tag="245">
          <subfield code="a">The advanced concepts of the stability of two-wheeled vehicles :</subfield>
          <subfield code="b">application of mathematical analysis to actual vehicles /</subfield>
          <subfield code="c">by Digvijai Singh.</subfield>
        </datafield>
        <datafield ind1=" " ind2=" " tag="260">
          <subfield code="a">Madison :</subfield>
          <subfield code="b">University of Wisconsin,</subfield>
          <subfield code="c">1964.</subfield>
        </datafield>
        <datafield ind1=" " ind2=" " tag="300">
          <subfield code="a">x, 203 p. :</subfield>
          <subfield code="b">ill.</subfield>
        </datafield>
        <datafield ind1=" " ind2=" " tag="500">
          <subfield code="a">Vita.</subfield>
        </datafield>
        <datafield ind1=" " ind2=" " tag="500">
          <subfield code="a">Thesis--University of Wisconsin.</subfield>
        </datafield>
        <datafield ind1=" " ind2=" " tag="500">
          <subfield code="a">Microfilm. Ann Arbor : University Microfilms, 1964. -- 1 reel ;  35 mm.</subfield>
        </datafield>
        <datafield ind1=" " ind2=" " tag="500">
          <subfield code="a">&amp;quot;64-10, 311&amp;quot;</subfield>
        </datafield>
        <datafield ind1=" " ind2=" " tag="504">
          <subfield code="a">Bibliography: p. 202-203.</subfield>
        </datafield>
        <datafield ind1="8" ind2="0" tag="852">
          <subfield code="b">rcppf</subfield>
          <subfield code="t">1</subfield>
          <subfield code="h">MICROFILM 03732</subfield>
          <subfield code="x">tr fr flm</subfield>
        </datafield>
        <datafield ind1=" " ind2=" " tag="911">
          <subfield code="a">19921028</subfield>
        </datafield>
        <datafield ind1=" " ind2=" " tag="912">
          <subfield code="a">19900820000000.0</subfield>
        </datafield>
        <datafield ind1=" " ind2=" " tag="998">
          <subfield code="a">10/10/80</subfield>
          <subfield code="s">9114</subfield>
          <subfield code="n">NjP</subfield>
          <subfield code="w">NJPG19035810B</subfield>
          <subfield code="d">05/05/81</subfield>
          <subfield code="c">PMG</subfield>
          <subfield code="b">KSG</subfield>
          <subfield code="i">801010</subfield>
          <subfield code="l">NJPG</subfield>
        </datafield>
      </record>