
    </field>
    <field name="title_display">New accessions list / World Data Center A for Glaciology [Snow and Ice].</field>
    <field name="title_sort">New accessions list</field>
    <field name="title_t">New accessions list / World Data Center A for Glaciology [Snow and Ice].</field>
    <field name="compiled_created_t">New accessions list / World Data Center A for Glaciology [Snow and Ice].</field>
    <field name="pub_created_display">Boulder, Col. : The Center, 1978-</field>
    <field name="pub_created_s">Boulder, Col. : The Center, 1978-</field>
    <field name="pub_date_display">1978</field>
    <field name="pub_date_start_sort">1978</field>
    <field name="pub_date_end_sort">9999</field>
    <field name="format">Journal</field>
    <field name="description_display">v. ; 22x28 cm.</field>
    <field name="description_display">No. 1 (Dec. 1978)-</field>
    <field name="description_t">v. ; 22x28 cm.</field>
    <field name="description_t">No. 1 (Dec. 1978)-</field>
    <field name="notes_display">Description based on: No. 19 (Dec. 1983); title from caption.</field>
    <field name="issuing_body_notes_display">"Operated for Environmental Data Service (later Environmental Data and Information Service) NOAA, by Cooperative Institute for Research in Environmental Sciences, University of Colorado."</field>
    <field name="language_facet">English</field>
    <field name="language_code_s">eng</field>
    <field name="subject_display">World Data Center A for Glaciology—Catalogs</field>
    <field name="subject_display">Glaciology—Bibliography—Catalogs</field>
    <field name="subject_display">Snow—Bibliography—Catalogs</field>
    <field name="subject_display">Ice—Bibliography—Catalogs</field>
    <field name="subject_topic_facet">World Data Center A for Glaciology—Catalogs</field>
    <field name="subject_topic_facet">Glaciology—Bibliography—Catalogs</field>
    <field name="subject_topic_facet">Snow—Bibliography—Catalogs</field>
    <field name="subject_topic_facet">Ice—Bibliography—Catalogs</field>
    <field name="related_name_display">United States. Environmental Data and Information Service</field>
    <field name="related_name_display">United States. Environmental Data Service</field>
    <field name="related_name_display">University of Colorado, Boulder. Cooperative Institute for Research in Environmental Sciences</field>
    <field name="marc_relatedor_display">aut</field>
    <field name="location_display">Lewis Library: Documents</field>
    <field name="location_code_display">scidoc</field>
    <field name="location">Lewis Library</field>
    <field name="call_number_display">Z6033.G5 xW6</field>
  </doc>
  <doc>
    <field name="id">6139836</field>
    <field name="marc_relator_display">Author</field>
    <field name="marc_display">
      <record xmlns="http://www.loc.gov/MARC21/slim">
        <leader>01383cam a2200325 a 4500</leader>
        <controlfield tag="001">6139836</controlfield>
        <controlfield tag="005">20110201122126.0</controlfield>
        <controlfield tag="008">100526s2009    it a     c    000 0bger d</controlfield>
        <datafield ind1=" " ind2=" " tag="035">
          <subfield code="a">(OCoLC)ocn650437639</subfield>
        </datafield>
        <datafield ind1=" " ind2=" " tag="035">
          <subfield code="a">(Shamansky)  107347</subfield>
        </datafield>
        <datafield ind1=" " ind2=" " tag="040">
          <subfield code="a">C3L</subfield>
          <subfield code="c">C3L</subfield>
          <subfield code="d">MZA</subfield>
          <subfield code="d">NjP</subfield>
        </datafield>
        <datafield ind1=" " ind2=" " tag="035">
          <subfield code="a">(OCoLC)650437639</subfield>
        </datafield>
        <datafield ind1="0" ind2=" " tag="041">
          <subfield code="a">gerita</subfield>
        </datafield>
        <datafield ind1=" " ind2=" " tag="043">
          <subfield code="a">e-it---</subfield>
        </datafield>
        <datafield ind1="1" ind2="4" tag="050">
          <subfield code="a">N5273.2.M47</subfield>
          <subfield code="b">F36 2009</subfield>
        </datafield>
        <datafield ind1="0" ind2="4" tag="245">
          <subfield code="a">Die Familie Menz und die Stadt Bozen =</subfield>
          <subfield code="b">La famiglia Menz e la città di Bolzano /</subfield>
          <subfield code="c">[Kuratorin/ a cura di: Silvia Spada Pintarelli].</subfield>
        </datafield>
        <datafield ind1=" " ind2=" " tag="260">
          <subfield code="a">Bozen :</subfield>
          <subfield code="b">Handels-, Industrie-, Handwerks- und Landwirtschaftskammer,</subfield>
          <subfield code="c">2009.</subfield>
        </datafield>
        <datafield ind1=" " ind2=" " tag="300">
          <subfield code="a">59 p. :</subfield>
          <subfield code="b">ill. (chiefly col.) ;</subfield>
          <subfield code="c">27 cm.</subfield>
        </datafield>
        <datafield ind1="1" ind2=" " tag="490">
          <subfield code="a">Heft = Quaderno / Merkantilmuseum Bozen ;</subfield>
          <subfield code="v">1</subfield>
        </datafield>
        <datafield ind1=" " ind2=" " tag="500">
          <subfield code="a">Published on the occasion of the permanent exhibition held in Bolzano, Italy, Merkantilmuseum.</subfield>
        </datafield>
        <datafield ind1=" " ind2=" " tag="500">
          <subfield code="a">Title and number of series appear on cover.</subfield>
        </datafield>
        <datafield ind1=" " ind2=" " tag="504">
          <subfield code="a">Includes bibliographical references (p. 56).</subfield>
        </datafield>
        <datafield ind1=" " ind2=" " tag="546">
          <subfield code="a">Text in German and Italian.</subfield>
        </datafield>
        <datafield ind1="3" ind2="0" tag="600">
          <subfield code="a">Menz family</subfield>
          <subfield code="x">Art patronage</subfield>
          <subfield code="v">Exhibitions.</subfield>
        </datafield>
        <datafield ind1=" " ind2="0" tag="650">
          <subfield code="a">Art patrons</subfield>
          <subfield code="z">Italy</subfield>
          <subfield code="z">Bolzano (Trentino-Alto Adige)</subfield>
          <subfield code="v">Exhibitions.</subfield>
        </datafield>
        <datafield ind1=" " ind2="0" tag="650">
          <subfield code="a">Art</subfield>
          <subfield code="z">Italy</subfield>
          <subfield code="z">Bolzano (Trentino-Alto Adige)</subfield>
          <subfield code="v">Exhibitions.</subfield>
        </datafield>
        <datafield ind1="1" ind2=" " tag="700">
          <subfield code="a">Spada Pintarelli, Silvia.</subfield>
        </datafield>
        <datafield ind1=" " ind2="0" tag="830">
          <subfield code="a">Heft = Quaderno / Merkantilmuseum Bozen ;</subfield>
          <subfield code="v">1.</subfield>
        </datafield>
        <datafield ind1=" " ind2=" " tag="904">
          <subfield code="a">jar</subfield>
          <subfield code="b">a</subfield>
          <subfield code="h">m</subfield>
          <subfield code="c">b</subfield>
          <subfield code="e">20100614</subfield>
        </datafield>
        <datafield ind1=" " ind2=" " tag="902">
          <subfield code="a">jar</subfield>
          <subfield code="b">m</subfield>
          <subfield code="6">a</subfield>
          <subfield code="7">m</subfield>
          <subfield code="d">v</subfield>
          <subfield code="f">1</subfield>
          <subfield code="e">20110201</subfield>
        </datafield>
      </record>