
    </field>
    <field name="title_display">Die Familie Menz und die Stadt Bozen = La famiglia Menz e la città di Bolzano / [Kuratorin/ a cura di: Silvia Spada Pintarelli].</field>
    <field name="title_sort">Familie Menz und die Stadt Bozen = La famiglia Menz e la città di Bolzano</field>
    <field name="title_t">Die Familie Menz und die Stadt Bozen = La famiglia Menz e la città di Bolzano / [Kuratorin/ a cura di: Silvia Spada Pintarelli].</field>
    <field name="compiled_created_t">Die Familie Menz und die Stadt Bozen = La famiglia Menz e la città di Bolzano / [Kuratorin/ a cura di: Silvia Spada Pintarelli].</field>
    <field name="pub_created_display">Bozen : Handels-, Industrie-, Handwerks- und Landwirtschaftskammer, 2009.</field>
    <field name="pub_created_s">Bozen : Handels-, Industrie-, Handwerks- und Landwirtschaftskammer, 2009.</field>
    <field name="pub_date_display">2009</field>
    <field name="pub_date_start_sort">2009</field>
    <field name="format">Book</field>
    <field name="description_display">59 p. : ill. (chiefly col.) ; 27 cm.</field>
    <field name="description_t">59 p. : ill. (chiefly col.) ; 27 cm.</field>
    <field name="series_display">Heft = Quaderno / Merkantilmuseum Bozen ; 1</field>
    <field name="series_display">Heft = Quaderno / Merkantilmuseum Bozen ; 1.</field>
    <field name="notes_display">Published on the occasion of the permanent exhibition held in Bolzano, Italy, Merkantilmuseum.</field>
    <field name="notes_display">Title and number of series appear on cover.</field>
    <field name="bib_ref_notes_display">Includes bibliographical references (p. 56).</field>
    <field name="language_display">Text in German and Italian.</field>
    <field name="language_facet">German</field>
    <field name="language_facet">Italian</field>
    <field name="language_code_s">ger</field>
    <field name="subject_display">Menz family—Art patronage—Exhibitions</field>
    <field name="subject_display">Art patrons—Italy—Bolzano (Trentino-Alto Adige)—Exhibitions</field>
    <field name="subject_display">Art—Italy—Bolzano (Trentino-Alto Adige)—Exhibitions</field>
    <field name="subject_topic_facet">Menz family—Art patronage—Exhibitions</field>
    <field name="subject_topic_facet">Art patrons—Italy—Bolzano (Trentino-Alto Adige)—Exhibitions</field>
    <field name="subject_topic_facet">Art—Italy—Bolzano (Trentino-Alto Adige)—Exhibitions</field>
    <field name="lc_1letter_facet">N - Fine Arts</field>
    <field name="lc_rest_facet">N - Fine Arts</field>
    <field name="related_name_display">Spada Pintarelli, Silvia</field>
    <field name="marc_relatedor_display">aut</field>
  </doc>
  <doc>
    <field name="id">3</field>
    <field name="author_display">Messina, Claudio M.</field>
    <field name="author_sort">Messina, Claudio M.</field>
    <field name="author_s">Messina, Claudio M.</field>
    <field name="marc_relator_display">Author</field>
    <field name="marc_display">
      <record xmlns="http://www.loc.gov/MARC21/slim">
        <leader>00996cam a2200301Ia 4500</leader>
        <controlfield tag="001">3</controlfield>
        <controlfield tag="005">20100616155532.0</controlfield>
        <controlfield tag="008">890815s1988    it       r    001 0 ita d</controlfield>
        <datafield ind1=" " ind2=" " tag="035">
          <subfield code="a">(OCoLC)ocm19590730</subfield>
        </datafield>
        <datafield ind1=" " ind2=" " tag="035">
          <subfield code="a">(OCoLC)ocn301985443</subfield>
        </datafield>
        <datafield ind1=" " ind2=" " tag="035">
          <subfield code="a">(NjP)3</subfield>
        </datafield>
        <datafield ind1=" " ind2=" " tag="035">
          <subfield code="a">(CStRLIN)NJPGRRP-B</subfield>
        </datafield>
        <datafield ind1=" " ind2=" " tag="035">
          <subfield code="a">(OCoLC)301985443</subfield>
        </datafield>
        <datafield ind1=" " ind2=" " tag="035">
          <subfield code="a">(OCoLC)19590730</subfield>
        </datafield>
        <datafield ind1=" " ind2=" " tag="040">
          <subfield code="a">IUL</subfield>
          <subfield code="c">IUL</subfield>
          <subfield code="d">OCL</subfield>
        </datafield>
        <datafield ind1=" " ind2=" " tag="043">
          <subfield code="a">e-it---</subfield>
        </datafield>
        <datafield ind1=" " ind2="4" tag="050">
          <subfield code="a">Z342</subfield>
          <subfield code="b">.M47 1988</subfield>
        </datafield>
        <datafield ind1="1" ind2=" " tag="100">
          <subfield code="a">Messina, Claudio M.</subfield>
        </datafield>
        <datafield ind1="1" ind2="0" tag="245">
          <subfield code="a">Guida ragionata alle librerie antiquarie e d&amp;apos;occasione d&amp;apos;Italia, 1989 /</subfield>
          <subfield code="c">Claudio M. Messina; con uno scritto di Umberto Eco.</subfield>
        </datafield>
        <datafield ind1=" " ind2=" " tag="250">
          <subfield code="a">2. ed.</subfield>
        </datafield>
        <datafield ind1=" " ind2=" " tag="260">
          <subfield code="a">Roma :</subfield>
          <subfield code="b">Biblioteca del Vascello, Stampa Alternativa,</subfield>
          <subfield code="c">1988.</subfield>
        </datafield>
        <datafield ind1=" " ind2=" " tag="300">
          <subfield code="a">220 p. ;</subfield>
          <subfield code="c">17 cm.</subfield>
        </datafield>
        <datafield ind1=" " ind2=" " tag="500">
          <subfield code="a">Includes index.</subfield>
        </datafield>
        <datafield ind1=" " ind2="0" tag="650">
          <subfield code="a">Booksellers and bookselling</subfield>
          <subfield code="z">Italy</subfield>
          <subfield code="v">Directories.</subfield>
        </datafield>
        <datafield ind1="4" ind2="2" tag="856">
          <subfield code="u">http://d-nb.info/991834119/04</subfield>
          <subfield code="3">Inhaltsverzeichnis</subfield>
        </datafield>
        <datafield ind1="0" ind2="0" tag="852">
          <subfield code="b">rcppa</subfield>
          <subfield code="t">1</subfield>
          <subfield code="h">Z342</subfield>
          <subfield code="i">.M48 1988</subfield>
          <subfield code="x">tr fr f</subfield>
        </datafield>
        <datafield ind1="0" ind2=" " tag="852">
          <subfield code="b">rcpxc</subfield>
          <subfield code="h">Z342</subfield>
          <subfield code="i">.M48 1988</subfield>
          <subfield code="x">tr fr ctsnrf</subfield>
        </datafield>
        <datafield ind1=" " ind2=" " tag="999">
          <subfield code="a">3</subfield>
        </datafield>
      </record>