
    </field>
    <field name="title_display">An oration; delivered March 5, 1774, at the request of the inhabitants of the town of Boston: to commemorate the bloody tragedy of the fifth of March 1770. By the Honorable John Hancock, Esq; [Five lines in Latin from Virgil].</field>
    <field name="title_sort">oration; delivered March 5, 1774, at the request of the inhabitants of the town of Boston: to commemorate the bloody tragedy of the fifth of March 1770. By the Honorable John Hancock, Esq; [Five lines in Latin from Virgil].</field>
    <field name="title_t">An oration; delivered March 5, 1774, at the request of the inhabitants of the town of Boston: to commemorate the bloody tragedy of the fifth of March 1770. By the Honorable John Hancock, Esq; [Five lines in Latin from Virgil].</field>
    <field name="compiled_created_t">An oration; delivered March 5, 1774, at the request of the inhabitants of the town of Boston: to commemorate the bloody tragedy of the fifth of March 1770. By the Honorable John Hancock, Esq; [Five lines in Latin from Virgil].</field>
    <field name="pub_created_display">Boston : Printed by Edes and Gill, in Queen Street, M,DCC,LXXIV. [1774]</field>
    <field name="pub_created_s">Boston : Printed by Edes and Gill, in Queen Street, M,DCC,LXXIV. [1774]</field>
    <field name="pub_date_display">1774</field>
    <field name="pub_date_start_sort">1774</field>
    <field name="format">Book</field>
    <field name="description_display">20, [2] p. ; 25.5 x 20 cm. (fol.)</field>
    <field name="description_t">20, [2] p. ; 25.5 x 20 cm. (fol.)</field>
    <field name="notes_display">This catalogue record is derived in large part from a record for an electronic reproduction.</field>
    <field name="notes_display">Half-title: An oration delivered March fifth, 1774.</field>
    <field name="notes_display">Authorship of the oration has been attributed to Samuel Adams, to Benjamin Church and Joseph Warren, and to Samuel Cooper. See T.R. Adams, who notes "In all probability a number of Boston radicals had a hand in its composition." -.</field>
    <field name="action_notes_display">mlc</field>
    <field name="language_facet">English</field>
    <field name="language_code_s">eng</field>
    <field name="provenance_display">WHS copy acquired 3/13/29 from Goodspeed; inv. 616.</field>
    <field name="references_display">Sabin 30177</field>
    <field name="references_display">Church 1104</field>
    <field name="references_display">Evans, 13314</field>
    <field name="references_display">Adams, T.R. Amer. pamphlets, 117a</field>
    <field name="references_display">English Short Title Catalog, ESTCW21489.</field>
    <field name="subject_display">Boston Massacre, 1770—Anniversaries, etc</field>
    <field name="subject_display">United States—History—Revolution, 1775-1783—Causes</field>
    <field name="subject_topic_facet">Boston Massacre, 1770—Anniversaries, etc</field>
    <field name="subject_topic_facet">United States—History—Revolution, 1775-1783—Causes</field>
    <field name="related_name_display">Cooper, Samuel, 1725-1783</field>
    <field name="related_name_display">Warren, Joseph, 1741-1775</field>
    <field name="related_name_display">Church, Benjamin, 1734-1778</field>
    <field name="related_name_display">Adams, Samuel, 1722-1803</field>
    <field name="related_name_display">Edes and Gill, printer</field>
    <field name="related_name_display">Boston (Mass.).</field>
    <field name="related_name_display">Goodspeed's Book Shop (Boston, Mass.), bookseller</field>
    <field name="marc_relatedor_display">aut</field>
    <field name="marc_relatedor_display">aut</field>
    <field name="marc_relatedor_display">aut</field>
    <field name="marc_relatedor_display">aut</field>
    <field name="subject_era_facet">United States: Revolution, 1775-1783</field>
    <field name="location_display">Rare Books and Special Collections: William H. Scheide Library</field>
    <field name="location_display">Rare Books and Special Collections: South East (RB)</field>
    <field name="location_code_display">whs</field>
    <field name="location_code_display">hsvr</field>
    <field name="location">Rare Books and Special Collections</field>
    <field name="location">Rare Books and Special Collections</field>
    <field name="call_number_display">16.5.14</field>
    <field name="call_number_display">EX Lapidus 2.28</field>
  </doc>
  <doc>
    <field name="id">489972</field>
    <field name="author_display">Berg, Alban, 1885-1935</field>
    <field name="author_sort">Berg, Alban, 1885-1935</field>
    <field name="author_s">Berg, Alban, 1885-1935</field>
    <field name="marc_relator_display">Author</field>
    <field name="marc_display">
      <record xmlns="http://www.loc.gov/MARC21/slim">
        <leader>01580ccm a2200385 a 4500</leader>
        <controlfield tag="001">489972</controlfield>
        <controlfield tag="005">20120805100713.0</controlfield>
        <controlfield tag="008">880504m19781985au opbu        n 1  ger  </controlfield>
        <datafield ind1=" " ind2=" " tag="010">
          <subfield code="a">   87750014 /M </subfield>
        </datafield>
        <datafield ind1="3" ind2="0" tag="028">
          <subfield code="a">13640a</subfield>
          <subfield code="b">Universal Edition</subfield>
        </datafield>
        <datafield ind1="3" ind2="0" tag="028">
          <subfield code="a">13640b</subfield>
          <subfield code="b">Universal Edition</subfield>
        </datafield>
        <datafield ind1="2" ind2="2" tag="028">
          <subfield code="a">U.E. 12864</subfield>
          <subfield code="b">Universal Edition</subfield>
        </datafield>
        <datafield ind1=" " ind2=" " tag="035">
          <subfield code="a">(OCoLC)15281357</subfield>
        </datafield>
        <datafield ind1=" " ind2=" " tag="035">
          <subfield code="a">(CStRLIN)NJPG88-C360</subfield>
        </datafield>
        <datafield ind1=" " ind2=" " tag="035">
          <subfield code="9">ACG5686TS</subfield>
        </datafield>
        <datafield ind1="0" ind2=" " tag="050">
          <subfield code="a">M1500.B48</subfield>
          <subfield code="b">L8 1985</subfield>
        </datafield>
        <datafield ind1="1" ind2=" " tag="100">
          <subfield code="a">Berg, Alban,</subfield>
          <subfield code="d">1885-1935.</subfield>
        </datafield>
        <datafield ind1="1" ind2="0" tag="245">
          <subfield code="a">Lulu :</subfield>
          <subfield code="b">Oper nach Frank Wedekinds Tragödien Erdgeist und Büchse der Pandora /</subfield>
          <subfield code="c">von Alban Berg ; herausgegeben von H.E. Apostel, 1963 ; revidiert von Friedrich Cerha, 1985.</subfield>
        </datafield>
        <datafield ind1=" " ind2=" " tag="254">
          <subfield code="a">Partitur.</subfield>
        </datafield>
        <datafield ind1=" " ind2=" " tag="260">
          <subfield code="a">Wien :</subfield>
          <subfield code="b">Universal Edition,</subfield>
          <subfield code="c">c1978-c1985.</subfield>
        </datafield>
        <datafield ind1=" " ind2=" " tag="300">
          <subfield code="a">1 miniature score (2 v. (viii, 1008 p.)) :</subfield>
          <subfield code="b">facsim. ;</subfield>
          <subfield code="c">24 cm.</subfield>
        </datafield>
        <datafield ind1=" " ind2=" " tag="500">
          <subfield code="a">The orchestral score of Act 3 prepared by Friedrich Cerha from the composer&amp;apos;s short score; libretto by the composer.</subfield>
        </datafield>
        <datafield ind1="0" ind2=" " tag="505">
          <subfield code="a">[1]. I. und II. Akt -- [2]. III. Akt.</subfield>
        </datafield>
        <datafield ind1=" " ind2=" " tag="500">
          <subfield code="a">Publisher&amp;apos;s no.: Universal Edition no. 13640a-b.</subfield>
        </datafield>
        <datafield ind1=" " ind2="0" tag="650">
          <subfield code="a">Operas</subfield>
          <subfield code="x">Scores.</subfield>
        </datafield>
        <datafield ind1="1" ind2=" " tag="700">
          <subfield code="a">Apostel, Hans Erich,</subfield>
          <subfield code="d">1901-1972.</subfield>
        </datafield>
        <datafield ind1="1" ind2=" " tag="700">
          <subfield code="a">Cerha, Friedrich.</subfield>
        </datafield>
        <datafield ind1="1" ind2=" " tag="700">
          <subfield code="a">Wedekind, Frank,</subfield>
          <subfield code="d">1864-1918.</subfield>
          <subfield code="t">Erdgeist.</subfield>
        </datafield>
        <datafield ind1="1" ind2=" " tag="700">
          <subfield code="a">Wedekind, Frank,</subfield>
          <subfield code="d">1864-1918.</subfield>
          <subfield code="t">Büchse der Pandora.</subfield>
        </datafield>
        <datafield ind1="0" ind2="0" tag="852">
          <subfield code="b">sv</subfield>
          <subfield code="t">1</subfield>
          <subfield code="h">M1500.B37</subfield>
          <subfield code="i">L9 1985</subfield>
          <subfield code="x">tr fr svl</subfield>
        </datafield>
        <datafield ind1="0" ind2="0" tag="852">
          <subfield code="b">mus</subfield>
          <subfield code="t">2</subfield>
          <subfield code="h">M1500.B37</subfield>
          <subfield code="i">L9 1985</subfield>
          <subfield code="x">tr fr svl</subfield>
        </datafield>
        <datafield ind1=" " ind2=" " tag="911">
          <subfield code="a">19930311</subfield>
        </datafield>
        <datafield ind1=" " ind2=" " tag="912">
          <subfield code="a">19930218000000.0</subfield>
        </datafield>
        <datafield ind1=" " ind2=" " tag="948">
          <subfield code="a">TRANS FR F</subfield>
        </datafield>
        <datafield ind1=" " ind2=" " tag="998">
          <subfield code="a">02/18/93</subfield>
          <subfield code="s">9110</subfield>
          <subfield code="n">NjP</subfield>
          <subfield code="w">DCLC87750014C</subfield>
          <subfield code="d">05/04/88</subfield>
          <subfield code="c">BGN</subfield>
          <subfield code="b">CS</subfield>
          <subfield code="i">930218</subfield>
          <subfield code="l">NJPG</subfield>
        </datafield>
      </record>