
    </field>
    <field name="title_display">Lulu : Oper nach Frank Wedekinds Tragödien Erdgeist und Büchse der Pandora / von Alban Berg ; herausgegeben von H.E. Apostel, 1963 ; revidiert von Friedrich Cerha, 1985.</field>
    <field name="title_sort">Lulu : Oper nach Frank Wedekinds Tragödien Erdgeist und Büchse der Pandora</field>
    <field name="title_t">Lulu : Oper nach Frank Wedekinds Tragödien Erdgeist und Büchse der Pandora / von Alban Berg ; herausgegeben von H.E. Apostel, 1963 ; revidiert von Friedrich Cerha, 1985.</field>
    <field name="compiled_created_t">Lulu : Oper nach Frank Wedekinds Tragödien Erdgeist und Büchse der Pandora / von Alban Berg ; herausgegeben von H.E. Apostel, 1963 ; revidiert von Friedrich Cerha, 1985.</field>
    <field name="pub_created_display">Wien : Universal Edition, c1978-c1985.</field>
    <field name="pub_created_s">Wien : Universal Edition, c1978-c1985.</field>
    <field name="pub_date_display">1978</field>
    <field name="pub_date_start_sort">1978</field>
    <field name="pub_date_end_sort">1985</field>
    <field name="format">Musical Score</field>
    <field name="description_display">Partitur.</field>
    <field name="description_display">1 miniature score (2 v. (viii, 1008 p.)) : facsim. ; 24 cm.</field>
    <field name="description_t">Partitur.</field>
    <field name="description_t">1 miniature score (2 v. (viii, 1008 p.)) : facsim. ; 24 cm.</field>
    <field name="notes_display">The orchestral score of Act 3 prepared by Friedrich Cerha from the composer's short score; libretto by the composer.</field>
    <field name="notes_display">Publisher's no.: Universal Edition no. 13640a-b.</field>
    <field name="language_facet">German</field>
    <field name="language_code_s">ger</field>
    <field name="contents_display">[1]. I. und II. Akt -- [2]. III. Akt.</field>
    <field name="subject_display">Operas—Scores</field>
    <field name="subject_topic_facet">Operas—Scores</field>
    <field name="lc_1letter_facet">M - Music</field>
    <field name="lc_rest_facet">M - Music</field>
    <field name="related_name_display">Apostel, Hans Erich, 1901-1972</field>
    <field name="related_name_display">Cerha, Friedrich</field>
    <field name="related_name_display">Wedekind, Frank, 1864-1918</field>
    <field name="related_works_display">Erdgeist</field>
    <field name="related_works_display">Büchse der Pandora</field>
    <field name="marc_relatedor_display">aut</field>
    <field name="publisher_no_display">13640a</field>
    <field name="publisher_no_display">13640b</field>
    <field name="publisher_no_display">U.E. 12864</field>
    <field name="standard_no_display">   87750014 /M </field>
    <field name="location_display">Mendel Music Library: Reference</field>
    <field name="location_display">Mendel Music Library</field>
    <field name="location_code_display">sv</field>
    <field name="location_code_display">mus</field>
    <field name="location">Mendel Music Library</field>
    <field name="location">Mendel Music Library</field>
    <field name="call_number_display">M1500.B37 L9 1985</field>
  </doc>
  <doc>
    <field name="id">5525311</field>
    <field name="author_display">Bach, Johann Sebastian, 1685-1750</field>
    <field name="author_sort">Bach, Johann Sebastian, 1685-1750</field>
    <field name="author_s">Bach, Johann Sebastian, 1685-1750</field>
    <field name="marc_relator_display">Composer</field>
    <field name="marc_display">
      <record xmlns="http://www.loc.gov/MARC21/slim">
        <leader>01536cjm a2200349Ia 4500</leader>
        <controlfield tag="001">5525311</controlfield>
        <controlfield tag="005">20080718160556.0</controlfield>
        <controlfield tag="007">sd bumennmplue</controlfield>
        <controlfield tag="008">740729s1968    nyumun              zxx d</controlfield>
        <datafield ind1=" " ind2=" " tag="010">
          <subfield code="a">r  68003516 </subfield>
        </datafield>
        <datafield ind1=" " ind2=" " tag="019">
          <subfield code="a">585369</subfield>
          <subfield code="a">3005485</subfield>
          <subfield code="a">35216029</subfield>
        </datafield>
        <datafield ind1="0" ind2="2" tag="028">
          <subfield code="a">MS 7194</subfield>
          <subfield code="b">Columbia</subfield>
        </datafield>
        <datafield ind1=" " ind2=" " tag="035">
          <subfield code="a">(OCoLC)ocm00966189</subfield>
        </datafield>
        <datafield ind1=" " ind2=" " tag="035">
          <subfield code="a">(OCoLC)966189</subfield>
          <subfield code="z">(OCoLC)585369</subfield>
          <subfield code="z">(OCoLC)3005485</subfield>
          <subfield code="z">(OCoLC)35216029</subfield>
        </datafield>
        <datafield ind1=" " ind2=" " tag="040">
          <subfield code="a">KSU</subfield>
          <subfield code="c">KSU</subfield>
          <subfield code="d">OCL</subfield>
          <subfield code="d">LUS</subfield>
          <subfield code="d">BGU</subfield>
          <subfield code="d">OCL</subfield>
          <subfield code="d">PUL</subfield>
          <subfield code="d">OCLCG</subfield>
        </datafield>
        <datafield ind1=" " ind2=" " tag="049">
          <subfield code="a">PULL</subfield>
        </datafield>
        <datafield ind1=" " ind2=" " tag="090">
          <subfield code="a">M1473.B3</subfield>
          <subfield code="b">S958 1968</subfield>
        </datafield>
        <datafield ind1="1" ind2=" " tag="100">
          <subfield code="a">Bach, Johann Sebastian,</subfield>
          <subfield code="d">1685-1750.</subfield>
          <subfield code="4">cmp</subfield>
        </datafield>
        <datafield ind1="1" ind2="0" tag="240">
          <subfield code="a">Selections;</subfield>
          <subfield code="o">arr.</subfield>
        </datafield>
        <datafield ind1="1" ind2="0" tag="245">
          <subfield code="a">Switched-on Bach</subfield>
          <subfield code="h">[sound recording].</subfield>
        </datafield>
        <datafield ind1=" " ind2=" " tag="260">
          <subfield code="a">New York :</subfield>
          <subfield code="b">Columbia,</subfield>
          <subfield code="c">[1968]</subfield>
        </datafield>
        <datafield ind1=" " ind2=" " tag="300">
          <subfield code="a">1 sound disc (40 min.) :</subfield>
          <subfield code="b">analog, 33 1/3 rpm, stereo. ;</subfield>
          <subfield code="c">12 in.</subfield>
        </datafield>
        <datafield ind1="0" ind2=" " tag="490">
          <subfield code="a">Columbia masterworks</subfield>
        </datafield>
        <datafield ind1="0" ind2=" " tag="511">
          <subfield code="a">Electronic realizations and performances by Walter Carlos, with the assistance of Benjamin Folkman.</subfield>
        </datafield>
        <datafield ind1=" " ind2=" " tag="500">
          <subfield code="a">Program notes by Benjamin Folkman, Robert Moog, and Rachel Elkind on container.</subfield>
        </datafield>
        <datafield ind1="0" ind2=" " tag="505">
          <subfield code="a">Sinfonia to Cantata no. 29 -- Air on a G string -- Two part inventions in F major, B-flat major, and D minor -- Jesu, joy of man&amp;apos;s desiring -- Preludes and fugues, no. 7 and 2, from book 1 of The well-tempered clavier -- Chorale prelude, Wachet auf -- Brandenburg concerto no. 3, in G major.</subfield>
        </datafield>
        <datafield ind1=" " ind2="0" tag="650">
          <subfield code="a">Electronic music.</subfield>
        </datafield>
        <datafield ind1="1" ind2=" " tag="700">
          <subfield code="a">Carlos, Wendy.</subfield>
          <subfield code="4">arr</subfield>
        </datafield>
        <datafield ind1="1" ind2=" " tag="700">
          <subfield code="a">Folkman, Benjamin.</subfield>
          <subfield code="4">arr</subfield>
        </datafield>
        <datafield ind1="8" ind2=" " tag="852">
          <subfield code="b">rcpqk</subfield>
          <subfield code="h">LS- 1074</subfield>
          <subfield code="x">tr fr mus</subfield>
        </datafield>
        <datafield ind1=" " ind2=" " tag="994">
          <subfield code="a">C0</subfield>
          <subfield code="b">PUL</subfield>
        </datafield>
        <datafield ind1=" " ind2=" " tag="902">
          <subfield code="a">dpg</subfield>
          <subfield code="b">x</subfield>
          <subfield code="6">j</subfield>
          <subfield code="7">m</subfield>
          <subfield code="d">v</subfield>
          <subfield code="f">1</subfield>
          <subfield code="e">20080718</subfield>
        </datafield>
      </record>