
    </field>
    <field name="uniform_title_display">Selections; arr</field>
    <field name="title_display">Switched-on Bach [sound recording].</field>
    <field name="title_sort">Switched-on Bach</field>
    <field name="title_t">Switched-on Bach [sound recording].</field>
    <field name="compiled_created_t">Switched-on Bach [sound recording].</field>
    <field name="pub_created_display">New York : Columbia, [1968]</field>
    <field name="pub_created_s">New York : Columbia, [1968]</field>
    <field name="pub_date_display">1968</field>
    <field name="pub_date_start_sort">1968</field>
    <field name="format">Audio</field>
    <field name="description_display">1 sound disc (40 min.) : analog, 33 1/3 rpm, stereo. ; 12 in.</field>
    <field name="description_t">1 sound disc (40 min.) : analog, 33 1/3 rpm, stereo. ; 12 in.</field>
    <field name="series_display">Columbia masterworks</field>
    <field name="notes_display">Program notes by Benjamin Folkman, Robert Moog, and Rachel Elkind on container.</field>
    <field name="participant_performer_display">Electronic realizations and performances by Walter Carlos, with the assistance of Benjamin Folkman.</field>
    <field name="language_code_s">zxx</field>
    <field name="contents_display">Sinfonia to Cantata no. 29 -- Air on a G string -- Two part inventions in F major, B-flat major, and D minor -- Jesu, joy of man's desiring -- Preludes and fugues, no. 7 and 2, from book 1 of The well-tempered clavier -- Chorale prelude, Wachet auf -- Brandenburg concerto no. 3, in G major.</field>
    <field name="subject_display">Electronic music</field>
    <field name="subject_topic_facet">Electronic music</field>
    <field name="related_name_display">Carlos, Wendy</field>
    <field name="related_name_display">Folkman, Benjamin</field>
    <field name="marc_relatedor_display">arr</field>
    <field name="marc_relatedor_display">arr</field>
    <field name="publisher_no_display">MS 7194</field>
    <field name="standard_no_display">r  68003516 </field>
    <field name="location_display">ReCAP: Mendel Music Library use only. </field>
    <field name="location_code_display">rcpqk</field>
    <field name="location">ReCAP</field>
    <field name="call_number_display">LS- 1074</field>
  </doc>
  <doc>
    <field name="id">3871398</field>
    <field name="marc_relator_display">Author</field>
    <field name="marc_display">
      <record xmlns="http://www.loc.gov/MARC21/slim">
        <leader>03976cam a2200577 a 4500</leader>
        <controlfield tag="001">3871398</controlfield>
        <controlfield tag="005">20080613105637.0</controlfield>
        <controlfield tag="008">030404s1604    cc            000 0 chi d</controlfield>
        <datafield ind1=" " ind2=" " tag="035">
          <subfield code="a">(OCoLC)ocn153844960</subfield>
        </datafield>
        <datafield ind1=" " ind2=" " tag="035">
          <subfield code="a">(OCoLC)153844960</subfield>
        </datafield>
        <datafield ind1=" " ind2=" " tag="035">
          <subfield code="a">(CStRLIN)NJPX97-B2556</subfield>
        </datafield>
        <datafield ind1=" " ind2=" " tag="040">
          <subfield code="a">CStRLIN</subfield>
          <subfield code="c">PULEA</subfield>
          <subfield code="d">PULEA</subfield>
        </datafield>
        <datafield ind1=" " ind2=" " tag="049">
          <subfield code="a">MAIN</subfield>
        </datafield>
        <datafield ind1=" " ind2=" " tag="079">
          <subfield code="a">ocm52579498</subfield>
        </datafield>
        <datafield ind1="0" ind2="0" tag="245">
          <subfield code="6">880-01</subfield>
          <subfield code="a">Xin bian gu jin shi wen lei ju :</subfield>
          <subfield code="b">[si ji yi bai qi shi juan] /</subfield>
          <subfield code="c">Zhu Mu bian. Xin bian gu jin shi wen lei ju xin ji : san shi liu juan ; Xin bian gu jin shi wen lei ju wai ji : shi wu juan / Fu Dayong bian. Xin bian gu jin shi wen lei ju yi ji : shi wu juan / Zhu Yuan bian.</subfield>
        </datafield>
        <datafield ind1="0" ind2="0" tag="880">
          <subfield code="6">245-01</subfield>
          <subfield code="a">新編古今事文類聚 :</subfield>
          <subfield code="b">[四集一百七十卷] /</subfield>
          <subfield code="c">祝穆編. 新編古今事文類聚新集 : 三十六卷 ; 新編古今事文類聚外集 : 十五卷 / 富大用編. 新編古今事文類聚遺集 : 十五卷 / 祝淵編.</subfield>
        </datafield>
        <datafield ind1="3" ind2=" " tag="246">
          <subfield code="6">880-02</subfield>
          <subfield code="a">Shi wen lei ju</subfield>
        </datafield>
        <datafield ind1="3" ind2=" " tag="880">
          <subfield code="6">246-02</subfield>
          <subfield code="a">事文類聚</subfield>
        </datafield>
        <datafield ind1="3" ind2="0" tag="246">
          <subfield code="6">880-03</subfield>
          <subfield code="a">Gu jin shi wen lei ju</subfield>
        </datafield>
        <datafield ind1="3" ind2="0" tag="880">
          <subfield code="6">246-03</subfield>
          <subfield code="a">古今事文類聚</subfield>
        </datafield>
        <datafield ind1=" " ind2=" " tag="260">
          <subfield code="6">880-04</subfield>
          <subfield code="a">Jinling :</subfield>
          <subfield code="b">Tang Fuchun De shou tang,</subfield>
          <subfield code="c">Ming Wanli Jia chen [32 nian, 1604]</subfield>
        </datafield>
        <datafield ind1=" " ind2=" " tag="880">
          <subfield code="6">260-04</subfield>
          <subfield code="a">金陵 :</subfield>
          <subfield code="b">唐富春德壽堂,</subfield>
          <subfield code="c">明萬曆甲辰 [32年, 1604]</subfield>
        </datafield>
        <datafield ind1=" " ind2=" " tag="300">
          <subfield code="a">112 v. ;</subfield>
          <subfield code="c">25 cm.</subfield>
        </datafield>
        <datafield ind1=" " ind2=" " tag="500">
          <subfield code="a">In 14 cases.</subfield>
          <subfield code="5">NjP-G</subfield>
        </datafield>
        <datafield ind1=" " ind2="0" tag="650">
          <subfield code="a">Encyclopedias and dictionaries, Chinese.</subfield>
        </datafield>
        <datafield ind1=" " ind2="7" tag="650">
          <subfield code="6">880-05</subfield>
          <subfield code="a">Zi bu</subfield>
          <subfield code="x">Lei shu lei.</subfield>
          <subfield code="2">sk</subfield>
        </datafield>
        <datafield ind1=" " ind2="7" tag="880">
          <subfield code="6">650-05</subfield>
          <subfield code="a">子部</subfield>
          <subfield code="x">類書類.</subfield>
          <subfield code="2">sk</subfield>
        </datafield>
        <datafield ind1="1" ind2=" " tag="700">
          <subfield code="6">880-06</subfield>
          <subfield code="a">Zhu, Mu,</subfield>
          <subfield code="d">13th cent.,</subfield>
          <subfield code="e">bian.</subfield>
        </datafield>
        <datafield ind1="1" ind2=" " tag="880">
          <subfield code="6">700-06</subfield>
          <subfield code="a">祝穆,</subfield>
          <subfield code="d">13th cent.,</subfield>
          <subfield code="e">編.</subfield>
        </datafield>
        <datafield ind1="1" ind2=" " tag="700">
          <subfield code="6">880-07</subfield>
          <subfield code="a">Fu, Dayong,</subfield>
          <subfield code="e">bian.</subfield>
        </datafield>
        <datafield ind1="1" ind2=" " tag="880">
          <subfield code="6">700-07</subfield>
          <subfield code="a">富大用,</subfield>
          <subfield code="e">編.</subfield>
        </datafield>
        <datafield ind1="1" ind2=" " tag="700">
          <subfield code="6">880-08</subfield>
          <subfield code="a">Zhu, Yuan,</subfield>
          <subfield code="e">bian.</subfield>
        </datafield>
        <datafield ind1="1" ind2=" " tag="880">
          <subfield code="6">700-08</subfield>
          <subfield code="a">祝淵,</subfield>
          <subfield code="e">編.</subfield>
        </datafield>
        <datafield ind1="1" ind2=" " tag="700">
          <subfield code="6">880-09</subfield>
          <subfield code="a">Tang, Fuchun,</subfield>
          <subfield code="e">ke.</subfield>
        </datafield>
        <datafield ind1="1" ind2=" " tag="880">
          <subfield code="6">700-09</subfield>
          <subfield code="a">唐富春,</subfield>
          <subfield code="e">刻.</subfield>
        </datafield>
        <datafield ind1="2" ind2=" " tag="710">
          <subfield code="6">880-10</subfield>
          <subfield code="a">De shou tang,</subfield>
          <subfield code="e">ke.</subfield>
        </datafield>
        <datafield ind1="2" ind2=" " tag="880">
          <subfield code="6">710-10</subfield>
          <subfield code="a">德壽堂,</subfield>
          <subfield code="e">刻.</subfield>
        </datafield>
        <datafield ind1="0" ind2="2" tag="730">
          <subfield code="6">880-11</subfield>
          <subfield code="a">Xin bian gu jin shi wen lei ju xin ji.</subfield>
        </datafield>
        <datafield ind1="0" ind2="2" tag="880">
          <subfield code="6">730-11</subfield>
          <subfield code="a">新編古今事文類聚新集.</subfield>
        </datafield>
        <datafield ind1="0" ind2="2" tag="730">
          <subfield code="6">880-12</subfield>
          <subfield code="a">Xin bian gu jin shi wen lei ju wai ji.</subfield>
        </datafield>
        <datafield ind1="0" ind2="2" tag="880">
          <subfield code="6">730-12</subfield>
          <subfield code="a">新編古今事文類聚外集.</subfield>
        </datafield>
        <datafield ind1="0" ind2="2" tag="730">
          <subfield code="6">880-13</subfield>
          <subfield code="a">Xin bian gu jin shi wen lei ju yi ji.</subfield>
        </datafield>
        <datafield ind1="0" ind2="2" tag="880">
          <subfield code="6">730-13</subfield>
          <subfield code="a">新編古今事文類聚遺集.</subfield>
        </datafield>
        <datafield ind1="2" ind2=" " tag="797">
          <subfield code="a">CHRBA.</subfield>
        </datafield>
        <datafield ind1="4" ind2="1" tag="856">
          <subfield code="3">First page of main text</subfield>
          <subfield code="u">http://digital.lib.cuhk.edu.hk/crbp/servlet/list?action=afs&amp;amp;startPos=1&amp;amp;id=NJPX97B2556</subfield>
        </datafield>
        <datafield ind1=" " ind2=" " tag="852">
          <subfield code="a">NjP-G</subfield>
          <subfield code="b">HYC</subfield>
          <subfield code="j">TC348/371</subfield>
          <subfield code="k">Rare</subfield>
          <subfield code="x">c.1 (vol. 1-8) Gillis 371. All vols. bound separately, in case</subfield>
          <subfield code="x">c.1 (vol. 9-16) Gillis 371. All vols. bound separately, in case</subfield>
          <subfield code="x">c.1 (vol. 17-24) Gillis 371. All vols. bound separately, in case</subfield>
          <subfield code="x">c.1 (vol. 25-32) Gillis 371. All vols. bound separately, in case</subfield>
          <subfield code="x">c.1 (vol. 33-40) Gillis 371. All vols. bound separately, in case</subfield>
          <subfield code="x">c.1 (vol. 41-48) Gillis 371. All vols. bound separately, in case</subfield>
          <subfield code="x">c.1 (vol. 49-56) Gillis 371. All vols. bound separately, in case</subfield>
          <subfield code="x">c.1 (vol. 57-64) Gillis 371. All vols. bound separately, in case</subfield>
          <subfield code="x">c.1 (vol. 65-72) Gillis 371. All vols. bound separately, in case</subfield>
          <subfield code="x">c.1 (vol. 73-80) Gillis 371. All vols. bound separately, in case</subfield>
          <subfield code="x">c.1 (vol. 81-88) Gillis 371. All vols. bound separately, in case</subfield>
          <subfield code="x">c.1 (vol. 89-96) Gillis 371. All vols. bound separately, in case</subfield>
          <subfield code="x">c.1 (vol. 97-104) Gillis 371. All vols. bound separately, in case</subfield>
          <subfield code="x">c.1 (vol. 105-112) Gillis 371. All vols. bound separately, in case</subfield>
          <subfield code="x">CIN=HXZ; OID=MMH</subfield>
          <subfield code="z">Library has: (vol. 1-8); (vol. 9-16); (vol. 17-24); (vol. 25-32); (vol. 33-40); (vol. 41-48); (vol. 49-56); (vol. 57-64); (vol. 65-72); (vol. 73-80); (vol. 81-88); (vol. 89-96); (vol. 97-104); (vol. 105-112)</subfield>
        </datafield>
        <datafield ind1=" " ind2=" " tag="880">
          <subfield code="6">500-00</subfield>
          <subfield code="a">卷端題&amp;quot;金陵唐富春刊&amp;quot;.</subfield>
        </datafield>
        <datafield ind1=" " ind2=" " tag="880">
          <subfield code="6">500-00</subfield>
          <subfield code="a">框21.2 x 14.6公分, 11行24字, 白口, 四周單邊, 單黑魚尾, 版心上鐫&amp;quot;事文類聚&amp;quot;及集次, 中鐫卷次, 下鐫&amp;quot;德壽堂梓&amp;quot;.</subfield>
        </datafield>
        <datafield ind1=" " ind2=" " tag="880">
          <subfield code="6">500-00</subfield>
          <subfield code="a">&amp;quot;重刻事文類聚序&amp;quot;後鐫&amp;quot;萬曆甲辰孟春之吉金谿唐富春精校補遺重刻&amp;quot;.</subfield>
        </datafield>
        <datafield ind1="8" ind2=" " tag="852">
          <subfield code="b">hycrare</subfield>
          <subfield code="h">TC348/371</subfield>
        </datafield>
        <datafield ind1=" " ind2=" " tag="994">
          <subfield code="a">C0</subfield>
          <subfield code="b">PULEA</subfield>
        </datafield>
      </record>