
    </field>
    <field name="title_display">Xin bian gu jin shi wen lei ju : [si ji yi bai qi shi juan] / Zhu Mu bian. Xin bian gu jin shi wen lei ju xin ji : san shi liu juan ; Xin bian gu jin shi wen lei ju wai ji : shi wu juan / Fu Dayong bian. Xin bian gu jin shi wen lei ju yi ji : shi wu juan / Zhu Yuan bian.</field>
    <field name="title_vern_display">新編古今事文類聚 : [四集一百七十卷] / 祝穆編. 新編古今事文類聚新集 : 三十六卷 ; 新編古今事文類聚外集 : 十五卷 / 富大用編. 新編古今事文類聚遺集 : 十五卷 / 祝淵編.</field>
    <field name="title_sort">Xin bian gu jin shi wen lei ju : [si ji yi bai qi shi juan]</field>
    <field name="title_t">Xin bian gu jin shi wen lei ju : [si ji yi bai qi shi juan] / Zhu Mu bian. Xin bian gu jin shi wen lei ju xin ji : san shi liu juan ; Xin bian gu jin shi wen lei ju wai ji : shi wu juan / Fu Dayong bian. Xin bian gu jin shi wen lei ju yi ji : shi wu juan / Zhu Yuan bian.</field>
    <field name="compiled_created_t">Xin bian gu jin shi wen lei ju : [si ji yi bai qi shi juan] / Zhu Mu bian. Xin bian gu jin shi wen lei ju xin ji : san shi liu juan ; Xin bian gu jin shi wen lei ju wai ji : shi wu juan / Fu Dayong bian. Xin bian gu jin shi wen lei ju yi ji : shi wu juan / Zhu Yuan bian.</field>
    <field name="compiled_created_t">新編古今事文類聚 : [四集一百七十卷] / 祝穆編. 新編古今事文類聚新集 : 三十六卷 ; 新編古今事文類聚外集 : 十五卷 / 富大用編. 新編古今事文類聚遺集 : 十五卷 / 祝淵編.</field>
    <field name="pub_created_display">Jinling : Tang Fuchun De shou tang, Ming Wanli Jia chen [32 nian, 1604]</field>
    <field name="pub_created_display">金陵 : 唐富春德壽堂, 明萬曆甲辰 [32年, 1604]</field>
    <field name="pub_created_s">Jinling : Tang Fuchun De shou tang, Ming Wanli Jia chen [32 nian, 1604]</field>
    <field name="pub_date_display">1604</field>
    <field name="pub_date_start_sort">1604</field>
    <field name="format">Book</field>
    <field name="electronic_access_display">http://digital.lib.cuhk.edu.hk/crbp/servlet/list?action=afs&amp;startPos=1&amp;id=NJPX97B2556</field>
    <field name="electronic_access_display">First page of main text</field>
    <field name="description_display">112 v. ; 25 cm.</field>
    <field name="description_t">112 v. ; 25 cm.</field>
    <field name="notes_display">In 14 cases.</field>
    <field name="notes_display">卷端題"金陵唐富春刊".</field>
    <field name="notes_display">框21.2 x 14.6公分, 11行24字, 白口, 四周單邊, 單黑魚尾, 版心上鐫"事文類聚"及集次, 中鐫卷次, 下鐫"德壽堂梓".</field>
    <field name="notes_display">"重刻事文類聚序"後鐫"萬曆甲辰孟春之吉金谿唐富春精校補遺重刻".</field>
    <field name="language_facet">Chinese</field>
    <field name="language_code_s">chi</field>
    <field name="provenance_display">CHRBA.</field>
    <field name="subject_display">Encyclopedias and dictionaries, Chinese</field>
    <field name="subject_display">Zi bu—Lei shu lei</field>
    <field name="subject_display">子部—類書類.</field>
    <field name="subject_topic_facet">Encyclopedias and dictionaries, Chinese</field>
    <field name="subject_topic_facet">Zi bu—Lei shu lei</field>
    <field name="subject_topic_facet">子部—類書類.</field>
    <field name="related_name_display">Zhu, Mu, 13th cent., bian</field>
    <field name="related_name_display">祝穆, 13th cent., 編.</field>
    <field name="related_name_display">Fu, Dayong, bian</field>
    <field name="related_name_display">富大用, 編.</field>
    <field name="related_name_display">Zhu, Yuan, bian</field>
    <field name="related_name_display">祝淵, 編.</field>
    <field name="related_name_display">Tang, Fuchun, ke.</field>
    <field name="related_name_display">唐富春, 刻.</field>
    <field name="related_name_display">De shou tang, ke.</field>
    <field name="related_name_display">德壽堂, 刻.</field>
    <field name="marc_relatedor_display">aut</field>
    <field name="other_title_display">Shi wen lei ju</field>
    <field name="other_title_display">事文類聚</field>
    <field name="other_title_display">Gu jin shi wen lei ju</field>
    <field name="other_title_display">古今事文類聚</field>
    <field name="other_title_display">Xin bian gu jin shi wen lei ju xin ji.</field>
    <field name="other_title_display">新編古今事文類聚新集.</field>
    <field name="other_title_display">Xin bian gu jin shi wen lei ju wai ji.</field>
    <field name="other_title_display">新編古今事文類聚外集.</field>
    <field name="other_title_display">Xin bian gu jin shi wen lei ju yi ji.</field>
    <field name="other_title_display">新編古今事文類聚遺集.</field>
    <field name="location_display">East Asian Library: Rare Books</field>
    <field name="location_code_display">HYC</field>
    <field name="location_code_display">hycrare</field>
    <field name="location">HYC</field>
    <field name="location">East Asian Library</field>
    <field name="call_number_display">TC348/371 Rare</field>
    <field name="call_number_display">TC348/371</field>
    <field name="location_notes_display">Library has: (vol. 1-8); (vol. 9-16); (vol. 17-24); (vol. 25-32); (vol. 33-40); (vol. 41-48); (vol. 49-56); (vol. 57-64); (vol. 65-72); (vol. 73-80); (vol. 81-88); (vol. 89-96); (vol. 97-104); (vol. 105-112)</field>
  </doc>
  <doc>
    <field name="id">430472</field>
    <field name="marc_relator_display">Author</field>
    <field name="marc_display">
      <record xmlns="http://www.loc.gov/MARC21/slim">
        <leader>01267cam a2200277 a 4500</leader>
        <controlfield tag="001">430472</controlfield>
        <controlfield tag="005">20120717125457.0</controlfield>
        <controlfield tag="008">880111m19879999jo       b    00110 ara d</controlfield>
        <datafield ind1=" " ind2=" " tag="035">
          <subfield code="a">(OCoLC)31214190</subfield>
        </datafield>
        <datafield ind1=" " ind2=" " tag="035">
          <subfield code="a">(CStRLIN)NJPG88-B1222</subfield>
        </datafield>
        <datafield ind1=" " ind2=" " tag="035">
          <subfield code="9">ACA6068TS</subfield>
        </datafield>
        <datafield ind1=" " ind2=" " tag="040">
          <subfield code="a">NjP</subfield>
          <subfield code="c">NjP</subfield>
          <subfield code="d">NjP</subfield>
        </datafield>
        <datafield ind1="0" ind2="3" tag="245">
          <subfield code="a">al-Fihris al-shāmil lil-turāth al-ʻArabī al-Islāmī al-makhṭūṭ.</subfield>
          <subfield code="p">ʻUlūm al-Qurʼān.</subfield>
          <subfield code="p">Makhṭūṭāt al-tafsīr /</subfield>
          <subfield code="c">Muʼassasat Āl al-Bayt, al-Majmaʻ al-Malakī li-Buḥūth al-Ḥaḍārah al-Islāmīyah.</subfield>
        </datafield>
        <datafield ind1=" " ind2=" " tag="260">
          <subfield code="a">ʻAmmān :</subfield>
          <subfield code="b">al-Muʼassasah,</subfield>
          <subfield code="c">1987-</subfield>
        </datafield>
        <datafield ind1=" " ind2=" " tag="300">
          <subfield code="a">v. ;</subfield>
          <subfield code="c">24 cm.</subfield>
        </datafield>
        <datafield ind1="1" ind2=" " tag="490">
          <subfield code="a">Manshūrāt al-Majmaʻ al-Malakī li-Buḥūth al-Ḥaḍārah al-Islāmīyah ;</subfield>
          <subfield code="v">raqm 83-</subfield>
        </datafield>
        <datafield ind1=" " ind2=" " tag="500">
          <subfield code="a">Vol. [13]: Index.</subfield>
        </datafield>
        <datafield ind1="0" ind2="0" tag="630">
          <subfield code="a">Koran</subfield>
          <subfield code="x">Criticism, interpretation, etc.</subfield>
          <subfield code="x">Manuscripts</subfield>
          <subfield code="x">Catalogs.</subfield>
        </datafield>
        <datafield ind1=" " ind2="0" tag="650">
          <subfield code="a">Manuscripts, Arabic</subfield>
          <subfield code="x">Catalogs.</subfield>
        </datafield>
        <datafield ind1="2" ind2=" " tag="710">
          <subfield code="a">Royal Academy for Islamic Civilization Research.</subfield>
        </datafield>
        <datafield ind1=" " ind2="0" tag="830">
          <subfield code="a">Manshūrāt al-Majmaʻ al-Malakī li-Buḥūth al-Ḥaḍārah al-Islāmīyah ;</subfield>
          <subfield code="v">raqm 83, etc.</subfield>
        </datafield>
        <datafield ind1="0" ind2="1" tag="852">
          <subfield code="b">nec</subfield>
          <subfield code="t">1</subfield>
          <subfield code="h">Z6611.T3F545 1987</subfield>
        </datafield>
        <datafield ind1="0" ind2="0" tag="852">
          <subfield code="b">sne</subfield>
          <subfield code="t">1</subfield>
          <subfield code="h">Z6611.T3F545 1987</subfield>
        </datafield>
        <datafield ind1=" " ind2=" " tag="911">
          <subfield code="a">19941111</subfield>
        </datafield>
        <datafield ind1=" " ind2=" " tag="912">
          <subfield code="a">19941103000000.0</subfield>
        </datafield>
        <datafield ind1=" " ind2=" " tag="998">
          <subfield code="a">11/03/94</subfield>
          <subfield code="s">9118</subfield>
          <subfield code="n">NjP</subfield>
          <subfield code="w">NJPG88B1222</subfield>
          <subfield code="d">01/11/88</subfield>
          <subfield code="c">KVV</subfield>
          <subfield code="b">NHT</subfield>
          <subfield code="i">941103</subfield>
          <subfield code="l">NJPG</subfield>
        </datafield>
      </record>