
    </field>
    <field name="title_display">Risālat al-Zawrāʼ. Ḥāshiyah ʻalá al-Zawrāʼ ... [etc.].</field>
    <field name="title_vern_display">رسالة الزوراء. حاشية على الزوراء</field>
    <field name="title_sort">Risālat al-Zawrāʼ. Ḥāshiyah ʻalá al-Zawrāʼ ... [etc.].</field>
    <field name="title_t">Risālat al-Zawrāʼ. Ḥāshiyah ʻalá al-Zawrāʼ ... [etc.].</field>
    <field name="compiled_created_t">Risālat al-Zawrāʼ. Ḥāshiyah ʻalá al-Zawrāʼ ... [etc.].</field>
    <field name="compiled_created_t">رسالة الزوراء. حاشية على الزوراء</field>
    <field name="pub_created_display">[1501]</field>
    <field name="pub_created_s">[1501]</field>
    <field name="pub_date_display">1501</field>
    <field name="pub_date_start_sort">1501</field>
    <field name="format">Map</field>
    <field name="electronic_access_display">http://arks.princeton.edu/ark:/88435/9k41zd556</field>
    <field name="description_display">i, 150 leaves, i : paper, ill. ; 170 x 101 (125 x 55) mm. bound to 175 x 111 mm.</field>
    <field name="description_t">i, 150 leaves, i : paper, ill. ; 170 x 101 (125 x 55) mm. bound to 175 x 111 mm.</field>
    <field name="summary_note_display">Illuminated copy of nine texts and commentaries on kalām and logic.</field>
    <field name="notes_display">Title supplied by cataloger.</field>
    <field name="notes_display">Ms. codex.</field>
    <field name="notes_display">19 lines per page. Written in a small naskh using black ink, with some red for important words, to write "qawluh" or to underline the commented text. Illuminated headpiece on fol. 1b. From text 2, the beginning of each text is decorated by an illuminated panel with the same floral motifs (fol. 7b, 21b, 27b, 32b, 44b, 56b, 98b, 133b). The text is written within a gilt and red and blue border, with a red outerframe on the edge of the page. The occasional marginalia are from the author. Contains some collation notes. Table of contents by a later hand on fol. 1a (prev. 2a). Modern foliation in pencil using Western numerals (includes the first free endpaper ; fol. between fol. 7 and 8 blank).</field>
    <field name="notes_display">Decoration: Contains six miniatures, representing learned men (fol. 27a, 54b, 103a, 132b, 133a, 140b). On fol 27a : Outdoor scene representing a sitting man wearing a brown and green garnment and a white and red turban. On fol. 54b : Outdoor scene with two men facing each other, the one on the left  reading a text on a roll and the one of the right pointing to the sky with the index of his right hand, and to the ground with the index of his left hand. On fol. 103a : Indoor scene with two sitting men. The one on the left, dressed in green and red, reads a book to the one one the right, dressed in yellow. On fol. 132b : A standing man dressed in blue and yellow meditating. On fol. 133a : A standing man dressed in green and purple with a cane in his right hand meditating. On fol. 140b : Indoor scene representing two men sitting and discussing on the fore ground with a book laying between them; third man in the background coming in, a leaf with text in his hand.</field>
    <field name="notes_display">Copied from Ṣafar to Rabīʻ al-Thānī 907 by Aḥmad ibn ʻAlī ibn Abī Bakr (colophons).</field>
    <field name="binding_note_display">Upper and lower covers made of dark-brown leather over paper pasteboards with deeply impressed gold and black corner pieces and central mandorla with two pendants on the vertical axis. Repaired and re-backed.</field>
    <field name="language_facet">Arabic</field>
    <field name="language_code_s">ara</field>
    <field name="contents_display">1. fol. 1b-7a : [Risalat al-Zawrāʼ] / Muḥammad ibn Asʻad Dawwānī.</field>
    <field name="contents_display">2. fol. 7b-21a : al-Ḥāshiyah ʻalá al-Zawrāʼ / Muḥammad ibn Asʻad Dawwānī.</field>
    <field name="contents_display">3. fol. 21b-26b : al-Ḥāshiyah ʻalá khuṭbat al-Zawrāʼ / Muḥammad ibn Asʻad Dawwānī.</field>
    <field name="contents_display">4. fol. 27b-32a : al-Risālah fī khalq al-aʻmāl / Muḥammad ibn Asʻad Dawwānī.</field>
    <field name="contents_display">5. fol. 32b-43b : Risālah fī taʻrīf ʻilm al-kalām / Muḥammad ibn Asʻad Dawwānī.</field>
    <field name="contents_display">6. fol. 44b-56a : Sharḥ khuṭbat al-Ṭawāliʻ / Muḥammad ibn Asʻad Dawwānī.</field>
    <field name="contents_display">7. fol. 56b-97b : Ḥāshiyat al-Tahdhīb / Muḥammad ibn Asʻad Dawwānī.</field>
    <field name="contents_display">8. fol. 98b-132a : [Ḥawāshī ʻalá Maṭāliʻ al-anwār] / Muḥammad ibn Asʻad Dawwānī.</field>
    <field name="contents_display">9. fol. 133b-150b : Ḥāshiyat al-Risālah al-shamsīyah / Muḥammad ibn Asʻad Dawwānī.</field>
    <field name="subject_display">Islam—Doctrines—Early works to 1800</field>
    <field name="subject_display">Manuscripts, Arabic—New Jersey—Princeton</field>
    <field name="subject_topic_facet">Islam—Doctrines—Early works to 1800</field>
    <field name="subject_topic_facet">Manuscripts, Arabic—New Jersey—Princeton</field>
    <field name="marc_relatedor_display">aut</field>
    <field name="location_display">Rare Books and Special Collections: South East (MSS)</field>
    <field name="location_code_display">hsvm</field>
    <field name="location">Rare Books and Special Collections</field>
    <field name="call_number_display">Islamic Manuscripts, New Series no. 1948</field>
  </doc>
  <doc>
    <field name="id">3512354</field>
    <field name="author_display">Aethelgifu</field>
    <field name="author_sort">Aethelgifu</field>
    <field name="author_s">Aethelgifu</field>
    <field name="marc_relator_display">Author</field>
    <field name="marc_display">
      <record xmlns="http://www.loc.gov/MARC21/slim">
        <leader>01949ctm a2200361 a 4500</leader>
        <controlfield tag="001">3512354</controlfield>
        <controlfield tag="005">20060928132355.0</controlfield>
        <controlfield tag="008">020131s0990    enk           000 0 ang d</controlfield>
        <datafield ind1=" " ind2=" " tag="040">
          <subfield code="a">NjP</subfield>
          <subfield code="c">NjP</subfield>
          <subfield code="e">amremm</subfield>
        </datafield>
        <datafield ind1=" " ind2=" " tag="043">
          <subfield code="a">n-us-nj</subfield>
        </datafield>
        <datafield ind1="0" ind2=" " tag="100">
          <subfield code="a">Aethelgifu.</subfield>
        </datafield>
        <datafield ind1="1" ind2="0" tag="245">
          <subfield code="a">[Will of Aethelgifu].</subfield>
        </datafield>
        <datafield ind1=" " ind2=" " tag="260">
          <subfield code="c">[ca. 990]</subfield>
        </datafield>
        <datafield ind1=" " ind2=" " tag="300">
          <subfield code="a">1 leaf :</subfield>
          <subfield code="b">parchment,</subfield>
          <subfield code="c">560 x 350 mm.</subfield>
        </datafield>
        <datafield ind1=" " ind2=" " tag="340">
          <subfield code="e">in case, mounted between plexiglass.</subfield>
        </datafield>
        <datafield ind1="0" ind2=" " tag="520">
          <subfield code="a">Ms. will.</subfield>
        </datafield>
        <datafield ind1=" " ind2=" " tag="546">
          <subfield code="a">Text in Anglo-Saxon.</subfield>
        </datafield>
        <datafield ind1=" " ind2=" " tag="500">
          <subfield code="a">Origin: Written in England, probably at the Abbey of St. Albans, ca. 990.</subfield>
        </datafield>
        <datafield ind1=" " ind2=" " tag="524">
          <subfield code="a">Scheide Library, Princeton University. M 140.</subfield>
        </datafield>
        <datafield ind1=" " ind2=" " tag="561">
          <subfield code="a">Belonged to the Abbey of St. Albans in the 12th century; belonged to Sir Matthew Hale in the 17th century who probably received it from John Selden; purchased by William H. Scheide through H. P. Kraus at Sotheby&amp;apos;s, Dec. 10, 1969.</subfield>
        </datafield>
        <datafield ind1=" " ind2=" " tag="530">
          <subfield code="a">Photoreproduced facsimile version;</subfield>
          <subfield code="b">Published as The Will of Aethelgifu : a tenth century Anglo-Saxon manuscript / translated and examined by Dorothy Whitelock, with a note on the document by Neil Ker, and analyses of the properties, livestock and chattels concerned by Lord Rennell. Oxford : Printed for presentation to the members of the Roxburghe Club by Oxford U.P., 1968.</subfield>
        </datafield>
        <datafield ind1=" " ind2=" " tag="506">
          <subfield code="a">These privately owned manuscripts are available through the Department of Rare Books and Special Collections, Firestone Library.</subfield>
        </datafield>
        <datafield ind1=" " ind2="0" tag="650">
          <subfield code="a">Manuscripts, English (Old)</subfield>
          <subfield code="z">New Jersey</subfield>
          <subfield code="z">Princeton.</subfield>
        </datafield>
        <datafield ind1=" " ind2="7" tag="655">
          <subfield code="a">Wills</subfield>
          <subfield code="z">England</subfield>
          <subfield code="y">10th century.</subfield>
          <subfield code="2">aat</subfield>
        </datafield>
        <datafield ind1=" " ind2="7" tag="655">
          <subfield code="a">Parchment.</subfield>
          <subfield code="2">aat</subfield>
        </datafield>
        <datafield ind1="1" ind2=" " tag="700">
          <subfield code="a">Selden, John,</subfield>
          <subfield code="d">1584-1654,</subfield>
          <subfield code="e">former owner.</subfield>
        </datafield>
        <datafield ind1="1" ind2=" " tag="700">
          <subfield code="a">Hale, Matthew,</subfield>
          <subfield code="c">Sir,</subfield>
          <subfield code="d">1609-1676,</subfield>
          <subfield code="e">former owner.</subfield>
        </datafield>
        <datafield ind1="1" ind2=" " tag="700">
          <subfield code="a">Scheide, William H.</subfield>
          <subfield code="q">(William Hurd),</subfield>
          <subfield code="d">1914-</subfield>
          <subfield code="e">former owner.</subfield>
        </datafield>
        <datafield ind1="2" ind2=" " tag="710">
          <subfield code="a">St. Albans Abbey.</subfield>
        </datafield>
        <datafield ind1="2" ind2=" " tag="710">
          <subfield code="a">H.P. Kraus (Firm),</subfield>
          <subfield code="e">bookseller.</subfield>
        </datafield>
        <datafield ind1="2" ind2=" " tag="710">
          <subfield code="a">Princeton University Library.</subfield>
          <subfield code="k">Manuscript.</subfield>
          <subfield code="n">Scheide 140.</subfield>
        </datafield>
        <datafield ind1=" " ind2=" " tag="752">
          <subfield code="a">England.</subfield>
        </datafield>
        <datafield ind1=" " ind2=" " tag="902">
          <subfield code="a"/>
          <subfield code="b">o</subfield>
          <subfield code="6">t</subfield>
          <subfield code="7">m</subfield>
          <subfield code="d">v</subfield>
          <subfield code="f">1</subfield>
          <subfield code="e">20020131</subfield>
        </datafield>
      </record>