
    </field>
    <field name="title_display">[Will of Aethelgifu].</field>
    <field name="title_sort">[Will of Aethelgifu].</field>
    <field name="title_t">[Will of Aethelgifu].</field>
    <field name="compiled_created_t">[Will of Aethelgifu].</field>
    <field name="pub_created_display">[ca. 990]</field>
    <field name="pub_created_s">[ca. 990]</field>
    <field name="pub_date_display">0990</field>
    <field name="pub_date_start_sort">0990</field>
    <field name="format">Map</field>
    <field name="medium_support_display">in case, mounted between plexiglass.</field>
    <field name="description_display">1 leaf : parchment, 560 x 350 mm.</field>
    <field name="description_t">1 leaf : parchment, 560 x 350 mm.</field>
    <field name="restrictions_note_display">These privately owned manuscripts are available through the Department of Rare Books and Special Collections, Firestone Library.</field>
    <field name="summary_note_display">Ms. will.</field>
    <field name="notes_display">Origin: Written in England, probably at the Abbey of St. Albans, ca. 990.</field>
    <field name="language_display">Text in Anglo-Saxon.</field>
    <field name="language_facet">English, Old (ca. 450-1100)</field>
    <field name="language_code_s">ang</field>
    <field name="provenance_display">Belonged to the Abbey of St. Albans in the 12th century; belonged to Sir Matthew Hale in the 17th century who probably received it from John Selden; purchased by William H. Scheide through H. P. Kraus at Sotheby's, Dec. 10, 1969.</field>
    <field name="cite_as_display">Scheide Library, Princeton University. M 140.</field>
    <field name="other_format_display">Photoreproduced facsimile version; Published as The Will of Aethelgifu : a tenth century Anglo-Saxon manuscript / translated and examined by Dorothy Whitelock, with a note on the document by Neil Ker, and analyses of the properties, livestock and chattels concerned by Lord Rennell. Oxford : Printed for presentation to the members of the Roxburghe Club by Oxford U.P., 1968.</field>
    <field name="subject_display">Manuscripts, English (Old)—New Jersey—Princeton</field>
    <field name="subject_topic_facet">Manuscripts, English (Old)—New Jersey—Princeton</field>
    <field name="related_name_display">Selden, John, 1584-1654, former owner</field>
    <field name="related_name_display">Hale, Matthew, Sir, 1609-1676, former owner</field>
    <field name="related_name_display">Scheide, William H. (William Hurd), 1914- former owner</field>
    <field name="related_name_display">St. Albans Abbey</field>
    <field name="related_name_display">H.P. Kraus (Firm), bookseller</field>
    <field name="related_name_display">Princeton University Library. Manuscript. Scheide 140</field>
    <field name="marc_relatedor_display">aut</field>
    <field name="place_name_display">England.</field>
  </doc>
  <doc>
    <field name="id">4887523</field>
    <field name="author_display">Rabinowich, Solomon, ha-Kohen, 1803-1866</field>
    <field name="author_display">שלמה בן דב צבי, הכהן, מרדומסק, נפ׳ 1866</field>
    <field name="author_sort">Rabinowich, Solomon, ha-Kohen, 1803-1866</field>
    <field name="author_s">Rabinowich, Solomon, ha-Kohen, 1803-1866</field>
    <field name="author_s">שלמה בן דב צבי, הכהן, מרדומסק, נפ׳ 1866</field>
    <field name="marc_relator_display">Author</field>
    <field name="marc_display">
      <record xmlns="http://www.loc.gov/MARC21/slim">
        <leader>01400cam a2200313   4500</leader>
        <controlfield tag="001">4887523</controlfield>
        <controlfield tag="005">20120529143145.0</controlfield>
        <controlfield tag="008">950327s1923    pl            000 0 heb d</controlfield>
        <datafield ind1=" " ind2=" " tag="035">
          <subfield code="a">(OCoLC)76954756</subfield>
        </datafield>
        <datafield ind1=" " ind2=" " tag="035">
          <subfield code="a">(CStRLIN)MABX95-B758</subfield>
        </datafield>
        <datafield ind1=" " ind2=" " tag="040">
          <subfield code="a">MWalB</subfield>
          <subfield code="c">MWalB</subfield>
          <subfield code="d">CStRLIN</subfield>
          <subfield code="d">NjP</subfield>
        </datafield>
        <datafield ind1=" " ind2="4" tag="050">
          <subfield code="a">BM198</subfield>
          <subfield code="b">.R324 1923</subfield>
        </datafield>
        <datafield ind1=" " ind2=" " tag="066">
          <subfield code="c">(2</subfield>
        </datafield>
        <datafield ind1="1" ind2=" " tag="100">
          <subfield code="6">880-01</subfield>
          <subfield code="a">Rabinowich, Solomon,</subfield>
          <subfield code="c">ha-Kohen,</subfield>
          <subfield code="d">1803-1866.</subfield>
        </datafield>
        <datafield ind1="1" ind2=" " tag="880">
          <subfield code="6">100-01/(2/r</subfield>
          <subfield code="a">שלמה בן דב צבי,</subfield>
          <subfield code="c">הכהן,</subfield>
          <subfield code="c">מרדומסק,</subfield>
          <subfield code="d">נפ׳ 1866.</subfield>
        </datafield>
        <datafield ind1="1" ind2="0" tag="240">
          <subfield code="a">Nifleʼot ha-Tifʼeret Shelomoh</subfield>
        </datafield>
        <datafield ind1="1" ind2="0" tag="245">
          <subfield code="6">880-02</subfield>
          <subfield code="a">Sefer Nifleʼot ha-Tifʼeret Shelomoh :</subfield>
          <subfield code="b">ha-kolel torot, ḥokhmot, agadot, śiḥot... /</subfield>
          <subfield code="c">mi-kevod Shelomoh ha-Kohen a.b.d. ḳ. Radomsḳ = Sefer Nifloes-hatiferes-Szloma.</subfield>
        </datafield>
        <datafield ind1="1" ind2="0" tag="880">
          <subfield code="6">245-02/(2/r</subfield>
          <subfield code="a">ספר נפלאות התפארת שלמה :</subfield>
          <subfield code="b">... תורות, חכמות, אגדות, שיחות ... /</subfield>
          <subfield code="c">שלמה הכהן אבד״ק ראדאמסק.</subfield>
        </datafield>
        <datafield ind1="3" ind2="0" tag="246">
          <subfield code="a">Nifleʼot ha-Tifʼeret Shelomoh</subfield>
        </datafield>
        <datafield ind1="3" ind2="1" tag="246">
          <subfield code="a">Sefer Nifloes-hatiferes-Szloma</subfield>
        </datafield>
        <datafield ind1="3" ind2=" " tag="246">
          <subfield code="a">Nifloes-hatiferes-Szloma</subfield>
        </datafield>
        <datafield ind1=" " ind2=" " tag="260">
          <subfield code="6">880-03</subfield>
          <subfield code="a">Piotrkowie :</subfield>
          <subfield code="b">Defus Ḳornendz ṿe-Rozenblad,</subfield>
          <subfield code="c">1923.</subfield>
        </datafield>
        <datafield ind1=" " ind2=" " tag="880">
          <subfield code="6">260-03/(2/r</subfield>
          <subfield code="a">פיעטרקוב :</subfield>
          <subfield code="b">[חמו״ל],</subfield>
          <subfield code="c">1923.</subfield>
        </datafield>
        <datafield ind1=" " ind2=" " tag="300">
          <subfield code="a">102 p. ;</subfield>
          <subfield code="c">24 cm.</subfield>
        </datafield>
        <datafield ind1=" " ind2=" " tag="500">
          <subfield code="a">&amp;quot;Ḥeleḳ 1&amp;quot;-- No more published?</subfield>
        </datafield>
        <datafield ind1=" " ind2="0" tag="650">
          <subfield code="a">Hasidism.</subfield>
        </datafield>
        <datafield ind1="0" ind2=" " tag="852">
          <subfield code="b">rcppa</subfield>
          <subfield code="h">BM198</subfield>
          <subfield code="i">.R324 1923</subfield>
        </datafield>
        <datafield ind1=" " ind2=" " tag="904">
          <subfield code="a">rs</subfield>
          <subfield code="b">g</subfield>
          <subfield code="h">m</subfield>
          <subfield code="c">b</subfield>
          <subfield code="e">20061018</subfield>
        </datafield>
        <datafield ind1=" " ind2=" " tag="902">
          <subfield code="a">rs</subfield>
          <subfield code="b">m</subfield>
          <subfield code="6">a</subfield>
          <subfield code="7">m</subfield>
          <subfield code="d">v</subfield>
          <subfield code="f">1</subfield>
          <subfield code="e">20061018</subfield>
        </datafield>
      </record>