
    </field>
    <field name="uniform_title_display">Nifleʼot ha-Tifʼeret Shelomoh</field>
    <field name="title_display">Sefer Nifleʼot ha-Tifʼeret Shelomoh : ha-kolel torot, ḥokhmot, agadot, śiḥot... / mi-kevod Shelomoh ha-Kohen a.b.d. ḳ. Radomsḳ = Sefer Nifloes-hatiferes-Szloma.</field>
    <field name="title_vern_display">ספר נפלאות התפארת שלמה : ... תורות, חכמות, אגדות, שיחות ... / שלמה הכהן אבד״ק ראדאמסק.</field>
    <field name="title_sort">Sefer Nifleʼot ha-Tifʼeret Shelomoh : ha-kolel torot, ḥokhmot, agadot, śiḥot...</field>
    <field name="title_t">Sefer Nifleʼot ha-Tifʼeret Shelomoh : ha-kolel torot, ḥokhmot, agadot, śiḥot... / mi-kevod Shelomoh ha-Kohen a.b.d. ḳ. Radomsḳ = Sefer Nifloes-hatiferes-Szloma.</field>
    <field name="compiled_created_t">Sefer Nifleʼot ha-Tifʼeret Shelomoh : ha-kolel torot, ḥokhmot, agadot, śiḥot... / mi-kevod Shelomoh ha-Kohen a.b.d. ḳ. Radomsḳ = Sefer Nifloes-hatiferes-Szloma.</field>
    <field name="compiled_created_t">ספר נפלאות התפארת שלמה : ... תורות, חכמות, אגדות, שיחות ... / שלמה הכהן אבד״ק ראדאמסק.</field>
    <field name="pub_created_display">Piotrkowie : Defus Ḳornendz ṿe-Rozenblad, 1923.</field>
    <field name="pub_created_display">פיעטרקוב : [חמו״ל], 1923.</field>
    <field name="pub_created_s">Piotrkowie : Defus Ḳornendz ṿe-Rozenblad, 1923.</field>
    <field name="pub_date_display">1923</field>
    <field name="pub_date_start_sort">1923</field>
    <field name="format">Book</field>
    <field name="description_display">102 p. ; 24 cm.</field>
    <field name="description_t">102 p. ; 24 cm.</field>
    <field name="notes_display">"Ḥeleḳ 1"-- No more published?</field>
    <field name="language_facet">Hebrew</field>
    <field name="language_code_s">heb</field>
    <field name="subject_display">Hasidism</field>
    <field name="subject_topic_facet">Hasidism</field>
    <field name="lc_1letter_facet">B - Philosophy, Psychology, Religion</field>
    <field name="lc_rest_facet">BM - Judaism</field>
    <field name="marc_relatedor_display">aut</field>
    <field name="other_title_display">Nifleʼot ha-Tifʼeret Shelomoh</field>
    <field name="other_title_display">Sefer Nifloes-hatiferes-Szloma</field>
    <field name="other_title_display">Nifloes-hatiferes-Szloma</field>
    <field name="location_display">ReCAP</field>
    <field name="location_code_display">rcppa</field>
    <field name="location">ReCAP</field>
    <field name="call_number_display">BM198 .R324 1923</field>
  </doc>
  <doc>
    <field name="id">5148991</field>
    <field name="marc_relator_display">Author</field>
    <field name="marc_display">
      <record xmlns="http://www.loc.gov/MARC21/slim">
        <leader>00658cem a22001575a 4500</leader>
        <controlfield tag="001">5148991</controlfield>
        <controlfield tag="005">20070328164604.0</controlfield>
        <controlfield tag="008">070328 2006                             </controlfield>
        <datafield ind1="0" ind2="0" tag="245">
          <subfield code="a">Aerial photography of New York City, January-March 2006 :</subfield>
          <subfield code="b">covering NYC area (five boroughs); weather conditions prevented a continuous flight</subfield>
          <subfield code="h">[map].</subfield>
        </datafield>
        <datafield ind1="0" ind2="0" tag="245">
          <subfield code="a">Aerial photography of NYC, January-March 2006.</subfield>
        </datafield>
        <datafield ind1="3" ind2=" " tag="246">
          <subfield code="a">Digital aerial photography of New York City, January-March 2006</subfield>
        </datafield>
        <datafield ind1="3" ind2=" " tag="246">
          <subfield code="a">New York City, January-March 2006 : aerial photography</subfield>
        </datafield>
        <datafield ind1=" " ind2=" " tag="260">
          <subfield code="a">Tempe, AZ:</subfield>
          <subfield code="b">Aerials Express,</subfield>
          <subfield code="c">[2006] .</subfield>
        </datafield>
        <datafield ind1="2" ind2=" " tag="710">
          <subfield code="a">Aerials Express</subfield>
        </datafield>
        <datafield ind1="0" ind2=" " tag="852">
          <subfield code="b">scimap</subfield>
        </datafield>
        <datafield ind1=" " ind2=" " tag="904">
          <subfield code="a">twm</subfield>
          <subfield code="b">o</subfield>
          <subfield code="h">n</subfield>
          <subfield code="c">f</subfield>
          <subfield code="e">20070328</subfield>
        </datafield>
      </record>