
    </field>
    <field name="title_display">Geneviève de Brabant [sound recording] / musique de Jacques Offenbach ; paroles de Hector Crémieux et Etienne Tréfeu.</field>
    <field name="title_sort">Geneviève de Brabant</field>
    <field name="title_t">Geneviève de Brabant [sound recording] / musique de Jacques Offenbach ; paroles de Hector Crémieux et Etienne Tréfeu.</field>
    <field name="compiled_created_t">Geneviève de Brabant [sound recording] / musique de Jacques Offenbach ; paroles de Hector Crémieux et Etienne Tréfeu.</field>
    <field name="pub_created_display">Paris : Bourg Records ; N[ew] Y[ork] : Distributed by Qualiton Imports, 1984.</field>
    <field name="pub_created_s">Paris : Bourg Records ; N[ew] Y[ork] : Distributed by Qualiton Imports, 1984.</field>
    <field name="pub_date_display">1984</field>
    <field name="pub_date_start_sort">1984</field>
    <field name="pub_date_end_sort">1970</field>
    <field name="format">Audio</field>
    <field name="description_display">2 sound discs : analog, 33 1/3 rpm, mono. ; 12 in.</field>
    <field name="description_t">2 sound discs : analog, 33 1/3 rpm, mono. ; 12 in.</field>
    <field name="series_display">Collection Bourg Offenbach</field>
    <field name="series_display">Collection Archives</field>
    <field name="series_display">Offenbach, Jacques, 1819-1880. Operas. Selections (Bourg)</field>
    <field name="series_display">Collection Archives (Institut national de la communication audiovisuelle (France))</field>
    <field name="notes_display">Bourg Records: BG 2012--BG 2013.</field>
    <field name="notes_display">Opera in 3 acts.</field>
    <field name="notes_display">Distributor from label on container.</field>
    <field name="notes_display">Synopsis in English, French, and German on container.</field>
    <field name="date_place_event_notes_display">Recorded Feb. 25 and 27, 1970.</field>
    <field name="participant_performer_display">Annik Simon ; Monique Stiot ; Bernard Plantey ; René Terrasson ; Jean-Christophe Benoit ; Jacques Tharande ; with supporting soloists ; chorus ; Orchestre lyrique radio et télévision française ; Marcel Cariven, conductor.</field>
    <field name="language_facet">French</field>
    <field name="language_code_s">fre</field>
    <field name="subject_display">Operas</field>
    <field name="subject_display">Geneviève, of Brabant—Drama</field>
    <field name="subject_display">Geneviève,—de Brabant—Théâtre</field>
    <field name="subject_display">Opéras—19e siècle</field>
    <field name="subject_topic_facet">Operas</field>
    <field name="subject_topic_facet">Geneviève, of Brabant—Drama</field>
    <field name="subject_topic_facet">Geneviève,—de Brabant—Théâtre</field>
    <field name="subject_topic_facet">Opéras—19e siècle</field>
    <field name="lc_1letter_facet">M - Music</field>
    <field name="lc_rest_facet">M - Music</field>
    <field name="related_name_display">Crémieux, Hector Jonathan, 1828-1892</field>
    <field name="related_name_display">Tréfeu, Etienne</field>
    <field name="related_name_display">Simon, Annik</field>
    <field name="related_name_display">Stiot, Monique</field>
    <field name="related_name_display">Plantey, Bernard</field>
    <field name="related_name_display">Terrasson, René.</field>
    <field name="related_name_display">Benoit, Jean-Christophe</field>
    <field name="related_name_display">Tharande, Jacques</field>
    <field name="related_name_display">Cariven, Marcel</field>
    <field name="related_name_display">Orchestre lyrique de la R.T.F.</field>
    <field name="marc_relatedor_display">lbt</field>
    <field name="marc_relatedor_display">lbt</field>
    <field name="marc_relatedor_display">prf</field>
    <field name="marc_relatedor_display">prf</field>
    <field name="marc_relatedor_display">prf</field>
    <field name="marc_relatedor_display">prf</field>
    <field name="marc_relatedor_display">prf</field>
    <field name="marc_relatedor_display">prf</field>
    <field name="marc_relatedor_display">cnd</field>
    <field name="marc_relatedor_display">prf</field>
    <field name="publisher_no_display">BG 2012</field>
    <field name="publisher_no_display">BG 2013</field>
    <field name="standard_no_display">   85751820 </field>
    <field name="subject_era_facet">19e siècle</field>
    <field name="location_display">ReCAP: Mendel Music Library use only. </field>
    <field name="location_code_display">rcpqk</field>
    <field name="location">ReCAP</field>
    <field name="call_number_display">LS- 11479</field>
  </doc>
  <doc>
    <field name="id">6574987</field>
    <field name="author_display">Velez, Carlos</field>
    <field name="author_sort">Velez, Carlos</field>
    <field name="author_s">Velez, Carlos</field>
    <field name="marc_relator_display">Author</field>
    <field name="marc_display">
      <record xmlns="http://www.loc.gov/MARC21/slim">
        <leader>00509cam a22001575a 4500</leader>
        <controlfield tag="001">6574987</controlfield>
        <controlfield tag="005">20110919084640.0</controlfield>
        <controlfield tag="008">110602s2011    nju           000 0 eng  </controlfield>
        <datafield ind1=" " ind2=" " tag="040">
          <subfield code="a">NjP</subfield>
          <subfield code="c">NjP</subfield>
        </datafield>
        <datafield ind1="1" ind2=" " tag="100">
          <subfield code="a">Velez, Carlos.</subfield>
        </datafield>
        <datafield ind1="1" ind2="0" tag="245">
          <subfield code="a">Searching for a modern aesthetic :</subfield>
          <subfield code="b">from furniture to design /</subfield>
          <subfield code="c">Carlos Velez.</subfield>
        </datafield>
        <datafield ind1=" " ind2=" " tag="260">
          <subfield code="c">2011</subfield>
        </datafield>
        <datafield ind1=" " ind2=" " tag="300">
          <subfield code="a">139 p. :</subfield>
          <subfield code="b">ill. ;</subfield>
          <subfield code="c">29 x 23 cm.</subfield>
        </datafield>
        <datafield ind1=" " ind2=" " tag="500">
          <subfield code="a">Advisor(s): Spyridon Papapetros, Lucia Allais</subfield>
        </datafield>
        <datafield ind1=" " ind2=" " tag="502">
          <subfield code="a">Thesis (Senior)--Princeton University, 2011.</subfield>
        </datafield>
        <datafield ind1="8" ind2=" " tag="852">
          <subfield code="b">uesla</subfield>
          <subfield code="h">Sen. Th. 2011 Vel</subfield>
        </datafield>
      </record>