
    </field>
    <field name="title_display">Searching for a modern aesthetic : from furniture to design / Carlos Velez.</field>
    <field name="title_sort">Searching for a modern aesthetic : from furniture to design</field>
    <field name="title_t">Searching for a modern aesthetic : from furniture to design / Carlos Velez.</field>
    <field name="compiled_created_t">Searching for a modern aesthetic : from furniture to design / Carlos Velez.</field>
    <field name="pub_created_display">2011</field>
    <field name="pub_created_s">2011</field>
    <field name="pub_date_display">2011</field>
    <field name="pub_date_start_sort">2011</field>
    <field name="format">Senior Thesis</field>
    <field name="description_display">139 p. : ill. ; 29 x 23 cm.</field>
    <field name="description_t">139 p. : ill. ; 29 x 23 cm.</field>
    <field name="notes_display">Advisor(s): Spyridon Papapetros, Lucia Allais</field>
    <field name="dissertation_notes_display">Thesis (Senior)--Princeton University, 2011.</field>
    <field name="language_facet">English</field>
    <field name="language_code_s">eng</field>
    <field name="marc_relatedor_display">aut</field>
    <field name="location_display">Architecture Library: Librarian's Office</field>
    <field name="location_code_display">uesla</field>
    <field name="location">Architecture Library</field>
    <field name="call_number_display">Sen. Th. 2011 Vel</field>
  </doc>
  <doc>
    <field name="id">5906024</field>
    <field name="marc_relator_display">Author</field>
    <field name="marc_display">
      <record xmlns="http://www.loc.gov/MARC21/slim">
        <leader>01386ctaaa2200325Mi 4500</leader>
        <controlfield tag="001">5906024</controlfield>
        <controlfield tag="005">20100312141604.0</controlfield>
        <controlfield tag="008">090828q16581659xx            000 0 ara d</controlfield>
        <datafield ind1=" " ind2=" " tag="035">
          <subfield code="a">(OCoLC)ocn436109995</subfield>
        </datafield>
        <datafield ind1=" " ind2=" " tag="035">
          <subfield code="a">(OCoLC)436109995</subfield>
        </datafield>
        <datafield ind1=" " ind2=" " tag="040">
          <subfield code="a">NjP</subfield>
          <subfield code="c">PUL</subfield>
          <subfield code="e">amremm</subfield>
          <subfield code="d">PUL</subfield>
        </datafield>
        <datafield ind1=" " ind2=" " tag="066">
          <subfield code="c">(3</subfield>
        </datafield>
        <datafield ind1="0" ind2="0" tag="245">
          <subfield code="6">880-01</subfield>
          <subfield code="a">Sharḥ Ṣughrá al-Sanūsī.</subfield>
        </datafield>
        <datafield ind1="0" ind2="0" tag="880">
          <subfield code="6">245-01/(3/r</subfield>
          <subfield code="a">شرح صغرى السنوسي.</subfield>
        </datafield>
        <datafield ind1=" " ind2=" " tag="260">
          <subfield code="c">[1658 or 9]</subfield>
        </datafield>
        <datafield ind1=" " ind2=" " tag="500">
          <subfield code="a">Title from f. 1a.</subfield>
        </datafield>
        <datafield ind1=" " ind2=" " tag="500">
          <subfield code="a">Author listed on fol. 1a as al-Shaykh al-Madāfī al-Zadʻamī (?).</subfield>
        </datafield>
        <datafield ind1=" " ind2=" " tag="500">
          <subfield code="a">Original text in red.</subfield>
        </datafield>
        <datafield ind1=" " ind2=" " tag="500">
          <subfield code="a">Dated 1069 AH (1658 or 9) (fol. 23a).</subfield>
        </datafield>
        <datafield ind1="8" ind2=" " tag="520">
          <subfield code="a">A commentary on Sanūsī&amp;apos;s doctrinal work, Umm al-barāhīn.</subfield>
        </datafield>
        <datafield ind1="1" ind2="0" tag="600">
          <subfield code="6">880-02</subfield>
          <subfield code="a">Sanūsī, Muḥammad ibn Yūsuf,</subfield>
          <subfield code="d">ca. 1427-ca. 1490.</subfield>
          <subfield code="t">Umm al-barāhīn.</subfield>
        </datafield>
        <datafield ind1="1" ind2="0" tag="880">
          <subfield code="6">600-02/(3/r</subfield>
          <subfield code="a">سنوسي، محمد بن يوسف.</subfield>
          <subfield code="t">ام البراهين.</subfield>
        </datafield>
        <datafield ind1=" " ind2="0" tag="650">
          <subfield code="a">Islam</subfield>
          <subfield code="x">Doctrines</subfield>
          <subfield code="v">Early works to 1800.</subfield>
        </datafield>
        <datafield ind1=" " ind2="7" tag="655">
          <subfield code="a">Manuscripts, Arabic</subfield>
          <subfield code="y">17th century.</subfield>
          <subfield code="2">lcsh</subfield>
        </datafield>
        <datafield ind1=" " ind2="7" tag="655">
          <subfield code="a">Manuscripts, Arabic.</subfield>
          <subfield code="2">lcsh</subfield>
        </datafield>
        <datafield ind1="1" ind2="2" tag="700">
          <subfield code="6">880-03</subfield>
          <subfield code="a">Sanūsī, Muḥammad ibn Yūsuf,</subfield>
          <subfield code="d">ca. 1427-ca. 1490.</subfield>
          <subfield code="t">Umm al-barāhīn.</subfield>
        </datafield>
        <datafield ind1="1" ind2="2" tag="880">
          <subfield code="6">700-03/(3/r</subfield>
          <subfield code="a">سنوسي، محمد بن يوسف.</subfield>
          <subfield code="t">ام البراهين.</subfield>
        </datafield>
        <datafield ind1="0" ind2=" " tag="773">
          <subfield code="t">[Collection of five Arabic texts].</subfield>
          <subfield code="g">3a-23a</subfield>
          <subfield code="w">5905966</subfield>
        </datafield>
        <datafield ind1="8" ind2="0" tag="852">
          <subfield code="b">mss</subfield>
          <subfield code="h">Islamic Manuscripts, Third Series no. 99</subfield>
        </datafield>
        <datafield ind1=" " ind2=" " tag="999">
          <subfield code="a">5906024</subfield>
        </datafield>
      </record>
    </field>
    <field name="title_display">Sharḥ Ṣughrá al-Sanūsī.</field>
    <field name="title_vern_display">شرح صغرى السنوسي.</field>
    <field name="title_sort">Sharḥ Ṣughrá al-Sanūsī.</field>
    <field name="title_t">Sharḥ Ṣughrá al-Sanūsī.</field>
    <field name="compiled_created_t">Sharḥ Ṣughrá al-Sanūsī.</field>
    <field name="compiled_created_t">شرح صغرى السنوسي.</field>
    <field name="pub_created_display">[1658 or 9]</field>
    <field name="pub_created_s">[1658 or 9]</field>
    <field name="pub_date_display">1658</field>
    <field name="pub_date_start_sort">1658</field>
    <field name="pub_date_end_sort">1659</field>
    <field name="format">Map</field>
    <field name="summary_note_display">A commentary on Sanūsī's doctrinal work, Umm al-barāhīn.</field>
    <field name="notes_display">Title from f. 1a.</field>
    <field name="notes_display">Author listed on fol. 1a as al-Shaykh al-Madāfī al-Zadʻamī (?).</field>
    <field name="notes_display">Original text in red.</field>
    <field name="notes_display">Dated 1069 AH (1658 or 9) (fol. 23a).</field>
    <field name="language_facet">Arabic</field>
    <field name="language_code_s">ara</field>
    <field name="subject_display">Sanūsī, Muḥammad ibn Yūsuf,—ca. 1427-ca. 1490.—Umm al-barāhīn.</field>
    <field name="subject_display">سنوسي، محمد بن يوسف.—ام البراهين.</field>
    <field name="subject_display">Islam—Doctrines—Early works to 1800</field>
    <field name="subject_topic_facet">Sanūsī, Muḥammad ibn Yūsuf,—ca. 1427-ca. 1490.—Umm al-barāhīn.</field>
    <field name="subject_topic_facet">سنوسي، محمد بن يوسف.—ام البراهين.</field>
    <field name="subject_topic_facet">Islam—Doctrines—Early works to 1800</field>
    <field name="related_name_display">Sanūsī, Muḥammad ibn Yūsuf, ca. 1427-ca. 1490</field>
    <field name="related_name_display">سنوسي، محمد بن يوسف.</field>
    <field name="contains_display">Umm al-barāhīn.</field>
    <field name="contains_display">ام البراهين.</field>
    <field name="marc_relatedor_display">aut</field>
    <field name="in_display">[Collection of five Arabic texts]. 3a-23a</field>
    <field name="location_display">Rare Books and Special Collections: Manuscripts Collection</field>
    <field name="location_code_display">mss</field>
    <field name="location">Rare Books and Special Collections</field>
    <field name="call_number_display">Islamic Manuscripts, Third Series no. 99</field>
  </doc>
</add>
